2896 4402
688 347 757 414 105

356 578 385 644 7.
428 576 517 642 Dein
530 573 850 640 motfisinsmabileis

427 687 549 753 Vidisti
562 687 683 772 positos
697 686 794 750 maris
806 710 816 766 ;

428 799 564 878 Quando
579 797 725 882 provinit
738 797 838 863 alters

221 931 224 936 ’
297 913 415 978 Rerum
429 912 537 989 forma,
552 911 658 974 minor
670 915 780 974 tamen
798 906 804 996 Ι
823 909 989 992 majestate
1003 904 1125 992 piissis

290 1156 293 1163 ·
353 1137 381 1200 8.
425 1134 547 1199 Vidisti
561 1153 688 1218 quoque
702 1137 741 1197 tu
754 1132 829 1217 geni

294 1245 459 1331 Spumosis
474 1246 515 1310 ab
529 1245 621 1328 aquis
635 1265 735 1309 novas
754 1241 759 1331 Ι
777 1244 864 1308 vitae
877 1242 968 1308 mille
981 1243 1105 1330 figuras,

424 1358 589 1441 Lentoque
603 1358 639 1420 in
653 1356 765 1442 pelago
779 1356 891 1420 infimo

422 1468 524 1554 Algae
538 1468 682 1552 germina
696 1487 854 1548 creseer03

422 1579 466 1644 Et
481 1600 563 1664 quae
577 1600 619 1644 ex
633 1579 744 1644 fronde
759 1577 912 1646 cirallini

293 1691 405 1756 Hortis
420 1691 627 1756 Oceanitibus
646 1689 652 1778 Ι
672 1697 887 1777 agnaseuntur
900 1691 938 1754 in
950 1689 1053 1756 horas.

351 1916 379 1979 9.
424 1915 472 1978 Tu
486 1915 575 1999 prius
589 1935 676 1980 mare
690 1915 837 1993 inivem,

421 2025 526 2102 Qusm
540 2027 636 2091 remis
650 2027 753 2092 homo‘
761 2027 926 2092 tenderet:

420 2135 514 2202 Orbis
529 2142 566 2201 tu
580 2138 669 2222 prius
684 2138 843 2202 ambitum

287 2248 324 2310 N
323 2245 401 2325 tras,
417 2247 514 2332 quim
528 2269 631 2314 novus
646 2249 758 2314 afforet
776 2247 782 2336 Ι
801 2248 893 2313 nobis
908 2247 1054 2333 cognitus
1068 2247 1171 2327 orbis3

417 2360 603 2443 Antequam
616 2360 809 2445 repetiverit
1123 2363 1126 2368 ’

419 2471 533 2536 Ulixes
548 2471 694 2550 Ithacam
708 2493 821 2552 suam3

416 2581 480 2646 Vel
495 2583 632 2647 Graecas
647 2583 733 2668 apud
747 2581 869 2647 insulas

288 2691 400 2758 Velius
415 2692 523 2758 arietis
538 2715 670 2759 aureum
689 2691 694 2781 Ι
712 2695 894 2778 requirebat
908 2693 1012 2758 Iason.

323 2919 373 2981 10.
418 2917 480 2982 Per
493 2917 610 2982 fluctis
624 2917 734 2983 hilaris
749 2923 843 2983 vetus

415 3028 520 3093 Fortis
533 3034 634 3092 nauta
647 3034 814 3094 nataveras

413 3139 502 3204 hmo
516 3144 562 3216 tu,
577 3139 656 3204 dum
669 3159 797 3204 nemore
810 3139 846 3204 in
860 3161 918 3205 suo

285 3247 404 3313 Lintn's
417 3248 612 3333 primigenae
627 3249 698 3313 cavi
717 3247 722 3337 Ι
741 3255 843 3314 mater
856 3255 998 3335 surgeret
1011 3247 1111 3314 sinus

414 3361 567 3425 Nautile!
589 3361 737 3427 historias
751 3362 848 3427 maris
1172 3367 1174 3372 ’

164 3459 168 3472 ’
284 3471 402 3536 Nartes
416 3471 485 3558 ipse
499 3461 607 3537 utisas
622 3478 703 3553 tuas,
722 3471 728 3560 Ι
748 3473 944 3544 embundus
959 3478 992 3538 et
1006 3472 1125 3538 audax!
