2864 4406
650 323 715 390 141

431 549 557 627 Orbem,
574 571 591 616 a
606 550 705 634 stirpe
720 549 778 616 sub
792 572 980 637 supremam,

387 660 422 726 Si
436 662 522 745 quod
537 660 714 754 solivagum
728 667 817 746 tepet
827 663 930 748 jubar,

428 772 610 838 Solitariam
624 793 730 839 amore
744 773 833 840 fovit

384 885 471 950 Nam
484 906 571 950 rosas
585 886 642 951 ubl
656 885 819 952 coluerant
833 886 893 965 avi,

427 997 461 1062 N
462 1018 526 1062 une
537 997 642 1062 cicuta
655 997 824 1082 vbpm'sque
839 999 1021 1064 obumbrat>

355 1223 385 1287 3.
427 1222 499 1286 Nae
512 1226 551 1288 tu
564 1241 750 1306 pervacuus
764 1222 851 1287 locos

213 1334 290 1399 Orbi
305 1333 407 1399 cordis
421 1333 595 1418 imaginem
614 1331 619 1420 Ι
639 1334 783 1411 Praebes,
798 1332 911 1399 florida
924 1339 1072 1418 perstans

425 1443 519 1510 Sola:
542 1445 589 1510 sie
603 1445 773 1523 Patientia,

211 1557 246 1622 Si
260 1558 421 1623 destructa
434 1557 579 1622 Beatites
598 1555 603 1643 Ι
623 1557 765 1635 corruat,
780 1562 890 1624 tamen
904 1563 995 1624 astet.

381 1668 486 1753 Atqui
500 1669 624 1734 somnia
636 1669 718 1734 luels
733 1651 871 1747 avolant,

426 1781 474 1845 Ut
487 1781 598 1858 noetis,
613 1780 767 1865 populata
781 1786 901 1865 peetus,

382 1894 491 1971 Quum
505 1894 640 1958 conficta
653 1893 757 1958 nitore
770 1894 880 1978 gaudii

423 2006 530 2070 Vemo
544 2004 773 2089 blanditiisque
788 2004 911 2082 amoris,

380 2115 544 2182 Pellexere
555 2118 724 2199 juventam
737 2115 915 2200 imaginum

425 2228 590 2294 Perfusam
604 2226 747 2312 magici*
761 2232 942 2312 vagantum.

350 2452 380 2516 4.
423 2452 507 2516 Atra
519 2472 609 2517 mens
623 2471 702 2528 mea,
718 2449 789 2528 vah,
805 2449 882 2515 sile:

210 2563 378 2641 Querelam
392 2563 550 2648 sapientia
569 2562 574 2650 Ι
593 2563 723 2648 Spernit
737 2562 828 2628 fortis
842 2561 985 2627 inertem.

423 2675 488 2740 Sed
500 2675 597 2740 robur
611 2696 695 2759 cape,
711 2674 850 2758 qualiter

208 2785 315 2871 Rupes
329 2785 420 2852 mille
434 2787 515 2882 ieras
528 2787 626 2853 maris
646 2786 651 2874 Ι
670 2787 825 2853 Pervicax
839 2786 948 2852 domat
961 2785 1075 2852 undas.

381 2898 443 2965 Per
455 2899 598 2984 pericula
613 2899 703 2965 fortis
718 2900 803 2985 erige

423 3010 581 3095 Spiritus:
603 3011 694 3076 11111
709 3011 838 3095 superbi
955 3017 957 3023 '

380 3121 502 3198 Coram
517 3120 667 3206 pallidior
679 3142 777 3206 genas
791 3127 901 3187 tamen

420 3231 471 3298 Ne
486 3232 530 3298 sis
544 3257 552 3297 :
574 3254 634 3298 nea
647 3237 822 3312 venerata†
835 3233 960 3298 frustm.
1083 3237 1086 3240 ’

376 3343 400 3408 J
400 3364 453 3408 am
466 3348 602 3409 tremore
616 3343 760 3408 animum
773 3343 838 3409 ciat
851 3348 960 3407 tuum.¹

420 3456 516 3521 Ferre
530 3462 579 3522 est
592 3455 718 3522 vincere
732 3461 841 3522 nostra
854 3456 928 3520 fata

348 3611 361 3638 ⁸
396 3600 497 3666 Magis&
507 3601 590 3667 (arte).
697 3616 710 3658 ÷
735 3601 871 3662 Veneram,
878 3601 987 3666 passive.
