2848 4436
243 573 274 638 3.
319 571 387 638 Nos
402 573 457 638 sed
471 578 570 638 noctu
584 572 652 636 dire
666 572 820 657 procellae

402 683 640 769 Pervigilemus,
687 715 692 726 ·

316 796 450 873 Quando
465 795 502 860 in
515 795 643 860 latebris
660 796 766 860 accola
779 796 894 860 fluetus

358 907 440 972 Avis
454 907 525 990 ipse
539 907 606 972 suis
620 907 797 990 requiescit.

316 1016 427 1082 Nostri
441 1017 520 1094 sitis,
535 1018 643 1095 nostri
659 1039 820 1099 memores,

317 1119 510 1213 splendente
525 1129 602 1207 foco,
617 1129 712 1213 plenis
726 1127 843 1214 petere,

317 1241 391 1320 Vos,
407 1242 434 1306 O
450 1241 490 1306 de
504 1242 620 1326 quibus
635 1263 769 1325 aequore
783 1243 819 1306 in
833 1250 901 1308 etro

360 1353 515 1419 Nostrum
530 1374 583 1418 eor
596 1354 735 1418 somniat
749 1375 885 1440 aegrum.

579 1550 682 1634 [19]

225 1699 252 1761 1.
297 1697 433 1762 Surruls
447 1718 504 1781 per
519 1718 616 1780 aquas
630 1719 719 1762 roseo
734 1698 837 1764 fervet

296 1804 467 1889 Splendore
482 1826 539 1870 suo
554 1806 602 1870 sol
616 1813 766 1886 extremo,

339 1916 422 1980 Cum
435 1917 602 1999 majestate
616 1918 773 1998 recedens

297 2025 397 2092 Maris
411 2027 447 2090 in
461 2026 553 2092 littus
568 2007 662 2092 nivei
677 2029 806 2094 cristam

298 2137 418 2222 Spumrt
431 2139 586 2204 tremulae
597 2139 722 2222 jaciunt
736 2141 848 2219 undae,

337 2248 495 2314 Diffraett
507 2249 580 2314 luee
594 2250 765 2333 pluentem.

220 2365 254 2422 Ζ.
298 2361 391 2424 Silera
406 2381 549 2444 quaeque
564 2361 656 2426 aedes
672 2367 704 2430 et
719 2362 853 2446 quisque
867 2365 979 2448 procul

296 2471 436 2556 Seripus*
450 2473 580 2537 oeeiduo
595 2473 660 2538 sole
675 2481 824 2554 coruscet,

231 2647 235 2656 ,
298 2583 397 2667 Cujus
411 2584 537 2649 rediens
552 2605 676 2669 semper
688 2585 798 2650 vultus

296 2694 517 2780 Degredientis
533 2689 645 2761 clarior
658 2697 747 2761 ardet

341 2804 445 2884 Quem
459 2812 568 2870 eureis
583 2806 775 2891 oeeipientis.

248 2963 255 2978 .
299 2913 340 2977 In
353 2915 520 3000 purpureis
534 2916 695 2981 montibus
710 2918 819 2984 haeret

246 3069 250 3106 ¹-
297 3026 419 3092 Blande
433 3028 592 3108 arridens3
614 3028 741 3113 quique
755 3030 901 3096 aurentie
969 3017 972 3062 ·.

292 3137 445 3228 xOulrnine
458 3139 560 3224 surgit
573 3140 681 3204 erebra
694 3140 840 3220 undanti,

299 3248 398 3314 Linea
410 3249 491 3333 luels
505 3249 644 3334 plurima
657 3250 769 3334 longae

339 3362 464 3444 Teretes
478 3361 659 3426 intermicet
672 3363 809 3428 umbras.

248 3518 256 3533 .
299 3470 392 3534 Nihil
405 3471 441 3536 in
455 3471 545 3550 terret,
561 3471 644 3534 nihil
659 3493 676 3536 e
691 3472 777 3537 eaelo

299 3580 428 3662 Senitils
443 3581 549 3660 oritur,
564 3583 628 3648 nisi
642 3605 738 3668 quem
752 3584 854 3649 fontes
943 3663 944 3666 Ἴ

299 3689 384 3756 Clari
397 3693 545 3770 referunt,
561 3693 781 3778 crepitensque
795 3713 889 3776 aurae

299 3801 387 3887 Fuga
400 3823 580 3887 vespernae,
596 3825 677 3888 quae
691 3804 860 3889 cyparissis
