2896 4402
610 329 658 394 93

296 561 347 625 le
360 558 532 644 plangente
547 555 613 620 salo
628 577 710 640 quse
724 558 830 625 tenere
845 563 886 626 ad
900 585 974 628 suas

341 670 479 736 Umbras
492 667 593 732 lactat
606 667 765 732 amabiles.

266 784 296 846 4.
341 787 358 813 “
368 779 475 844 Saltirs
490 777 650 855 florilems,
666 799 764 862 equas

339 899 355 923 “
367 890 484 968 Clarus,
499 889 637 954 vallibus
652 911 762 955 aureos

339 1013 355 1036 “
366 1001 515 1068 rruocm
537 1000 742 1084 blandiloque
757 1011 871 1067 sonant

382 1119 399 1145 “
408 1112 537 1177 Insulas
551 1131 609 1195 per
623 1132 737 1196 opacas
747 1113 773 1191 ;”

296 1227 339 1288 Ec
352 1230 425 1308 post
438 1229 527 1308 terge
540 1223 618 1288 racis
633 1223 791 1308 solivagae
806 1226 911 1308 lerunt

336 1337 428 1401 vern
442 1335 566 1400 somnia'
579 1335 701 1400 fervidi.

268 1452 295 1512 5.
340 1448 401 1524 Sic,
416 1448 474 1531 qui
488 1447 628 1511 carmina
641 1448 781 1532 pangitis

339 1560 446 1636 Vates,
460 1564 567 1622 vestre
582 1579 696 1623 canora
709 1581 773 1624 vox

337 1669 457 1734 Turbes
472 1669 573 1752 spirat
586 1669 622 1732 in
637 1670 747 1736 anxias

210 1823 223 1858 .
381 1780 786 1866 Ouricordeprementeis,

295 1897 337 1958 Et
350 1895 450 1959 lassos
465 1893 587 1958 animos
601 1892 688 1956 haud
702 1915 792 1958 secus
807 1895 911 1960 halitu
1018 1965 1024 1978 ⁸

340 2004 468 2069 Gaelesti
482 2004 612 2087 penitus
626 2004 716 2088 riget.

268 2123 295 2180 6.
341 2117 376 2180 Si
390 2115 454 2199 qul
467 2114 628 2178 nascimur
643 2114 747 2192 alliis,

338 2227 443 2291 Vireis
458 2226 533 2290 inde
548 2247 621 2290 suas
635 2226 772 2304 trahens,

338 2337 448 2401 Tinnit
462 2337 640 2401 aetherium
654 2327 763 2415 melos,

381 2448 516 2514 Pulsum
531 2449 623 2513 corde
637 2469 817 2532 perennem,

297 2561 347 2624 lle
361 2557 436 2623 vivi
450 2580 615 2625 remouens
630 2560 709 2638 luce,
724 2562 860 2626 virentia

338 2670 458 2734 Mentis
473 2691 530 2754 per
543 2671 613 2736 loca
627 2693 708 2756 quae
722 2673 827 2739 micat.

270 2782 296 2847 7.
341 2782 431 2858 Tum,
446 2781 547 2865 siquis
558 2784 686 2866 juvenis
701 2785 753 2868 pie

339 2894 507 2970 Quondam
521 2899 633 2977 peetus
648 2916 758 2961 emens
772 2897 848 2960 boni

341 3004 447 3083 (Heni
468 3000 594 3068 rursum'
609 3005 672 3069 cito
686 3007 836 3090 perfidus)

380 3113 488 3180 Mults
500 3115 591 3179 vovil
605 3115 639 3180 in
655 3117 731 3182 aede
744 3142 753 3197 ;

295 3225 393 3291 Felici
406 3227 494 3292 hunc
507 3228 648 3294 recolens
663 3231 808 3309 carmine,
824 3233 877 3297 dia
891 3254 982 3298 mens

339 3340 455 3404 Sancto
469 3341 611 3406 restituit
631 3342 709 3407 Dec.
