2848 4436
648 336 697 402 29

135 565 185 628 13.
231 562 341 627 Mollis
356 583 501 646 quaeque
516 568 549 627 et
562 563 680 647 pulcra
696 563 907 648 hyacinthina
921 571 989 638 sive
1005 575 1139 640 colorem

315 673 373 752 Sit,
388 673 457 739 sive
470 673 582 738 viridis
594 699 601 738 :
623 674 708 740 inter
721 675 779 741 has

229 786 336 851 Floras
351 783 471 850 stellati
485 791 684 870 sparguntur²
700 792 733 851 et
747 809 843 854 aurea
857 791 957 856 culmi

317 898 476 961 Oontexta
489 895 697 980 fflaplurimi.
982 897 984 902 ’

131 1121 186 1186 14.
232 1121 294 1184 Ast
309 1120 393 1204 agite
408 1120 458 1184 0:
480 1141 610 1204 superas
624 1122 724 1205 petite
739 1144 839 1190 auras.
884 1127 1068 1213 Prodigiosa

316 1231 403 1294 Nam
416 1236 565 1309 monstra,
581 1233 721 1316 nigranti
734 1239 815 1314 oute,

231 1343 295 1406 Hie
309 1341 536 1420 revolutantur,
552 1343 712 1423 deformia,
729 1365 840 1424 crassa,
855 1347 1020 1415 oculorum

318 1451 430 1517 Globis
444 1453 583 1517 nefanda
597 1454 726 1520 corneis.

136 1564 187 1626 15.
232 1563 372 1627 Dorsum
385 1582 553 1627 verrucosa
566 1561 660 1641 notis,
675 1563 843 1648 spinosave
857 1565 981 1652 pinnas,

318 1675 442 1738 Senatu
456 1673 580 1739 denteis
596 1695 708 1754 osseos,

232 1787 396 1868 Quotquot
411 1785 478 1850 sive
493 1806 622 1850 corusca
636 1786 754 1870 vigent,
770 1808 827 1852 seu
839 1789 973 1856 flaccida
986 1797 1121 1876 torpent,

318 1899 390 1963 Hoo
404 1898 551 1962 infimum
565 1898 721 1963 infestant
734 1919 828 1965 mare.

138 2012 187 2074 16.
234 2011 338 2087 Quare
353 2010 437 2094 agite
452 2011 498 2074 ΟΞ
521 2031 671 2094 superum
685 2011 786 2095 petito
796 2018 888 2092 aera3
902 2013 1049 2098 respicite
1064 2003 1141 2080 aura

200 2167 207 2180 .
317 2121 446 2194 Aliaria
459 2121 572 2186 mobili
585 2121 676 2226 vaula,

233 2233 333 2298 Piscis
347 2233 405 2298 ubi
419 2234 622 2300 exsulitantis
638 2236 678 2299 ab
692 2235 780 2299 unda
794 2255 928 2320 squama
941 2245 1091 2318 coruscat,

317 2345 502 2429 Hilarisqne
517 2350 623 2410 cursat
636 2345 787 2410 nautilus.

137 2568 188 2636 17.
235 2567 322 2632 illud
337 2569 393 2633 sed
407 2569 486 2653 quid
501 2569 588 2633 enim
602 2571 675 2634 est?
720 2569 816 2634 Terra
829 2573 896 2649 est3
919 2570 975 2634 “0
991 2573 1099 2650 terra,''

316 2681 421 2746 Verbo
437 2681 624 2758 occinentes,
640 2681 776 2745 navitae.
1008 2659 1203 2767 [redamassi

234 2793 362 2857 “'Immo
376 2817 384 2856 :
407 2793 463 2858 sed
477 2792 560 2856 nihil
575 2798 623 2856 est
637 2793 701 2856 nisi
714 2792 811 2877 longa
824 2796 1023 2878 angustaque
1036 2795 1145 2872 nubes,

318 2905 407 2981 Quae
421 2903 546 2968 dividat
560 2903 684 2969 eoelum
698 2925 718 2968 a
731 2903 838 2969 mari'’

137 3016 188 3080 18.
234 3015 297 3079 Sed
311 3023 327 3048 ‘¹
337 3016 452 3080 Terra”
466 3015 667 3100 ingeminant
680 3015 816 3080 itemm:
839 3035 915 3080 mox
928 3015 1030 3100 spirat
1043 3015 1079 3079 in
1093 3015 1196 3082 eitum

113 3110 117 3118 ’
317 3127 483 3210 Tanquam
496 3125 639 3190 salutans
653 3125 803 3209 hospites,

172 3280 174 3284 ,
232 3237 342 3315 Qualis
358 3237 436 3303 odor
448 3236 561 3322 pelago
575 3257 641 3301 non
655 3236 818 3321 gignitum
840 3257 979 3323 auraque
994 3239 1035 3304 ab
1049 3239 1119 3324 ipsit

316 3347 442 3413 Tellure
455 3347 532 3413 viva
545 3367 721 3432 promeans.

134 3461 186 3523 19.
232 3459 389 3544 Purpurei
402 3464 536 3537 montes,
552 3459 714 3544 surgentia
727 3459 844 3538 littora,
859 3465 893 3525 et
906 3460 995 3544 ipsae

317 3571 442 3636 Passim
456 3575 609 3636 notantur
622 3571 755 3636 arbores.

230 3683 303 3747 Illic
317 3703 379 3748 nae
392 3682 479 3767 regio
492 3683 584 3748 floret
598 3681 806 3767 pulcerrima3
831 3682 931 3763 oredo,

316 3793 417 3858 Beata
430 3793 520 3862 sedes
534 3794 656 3862 incolis
