<?xml version="1.0" encoding="UTF-8"?>
<!DOCTYPE html PUBLIC "-//W3C//DTD XHTML 1.0 Transitional//EN"
    "http://www.w3.org/TR/xhtml1/DTD/xhtml1-transitional.dtd">
<html xmlns="http://www.w3.org/1999/xhtml" xml:lang="en" lang="en">
 <head>
  <title>
</title>
<meta http-equiv="Content-Type" content="text/html;charset=utf-8" />
  <meta name='ocr-system' content='tesseract 3.04.00' />
  <meta name='ocr-capabilities' content='ocr_page ocr_carea ocr_par ocr_line ocrx_word'/>
</head>
<body>
  <div class='ocr_page' id='page_1' title='image "./translationseng00unkngoog_0196.png"; bbox 0 0 2864 4406; ppageno 0'>
   <div class='ocr_carea' id='block_1_1' title="bbox 616 317 685 400">
    <p class='ocr_par' dir='ltr' id='par_1_1' title="bbox 616 317 685 400">
     <span class='ocr_line' id='line_1_1' title="bbox 616 317 685 400; baseline 0.014 -1"><span class='ocrx_word' id='word_1_1' title='bbox 616 317 685 400; x_wconf 85' lang='lat'><strong>177</strong></span> 
     </span>
    </p>
   </div>
   <div class='ocr_carea' id='block_1_2' title="bbox 88 546 1246 1192">
    <p class='ocr_par' dir='ltr' id='par_1_2' title="bbox 270 546 930 635">
     <span class='ocr_line' id='line_1_2' title="bbox 270 546 930 635; baseline 0.006 -23"><span class='ocrx_word' id='word_1_2' title='bbox 270 546 479 632; x_wconf 81' lang='lat' dir='ltr'><strong>Probitcsque</strong></span> <span class='ocrx_word' id='word_1_3' title='bbox 491 547 583 613; x_wconf 86' lang='lat' dir='ltr'><strong>nobis</strong></span> <span class='ocrx_word' id='word_1_4' title='bbox 597 549 778 633; x_wconf 81' lang='lat' dir='ltr'><strong>veritasque</strong></span> <span class='ocrx_word' id='word_1_5' title='bbox 790 549 930 635; x_wconf 79' lang='lat' dir='ltr'><strong>pulcrior</strong></span> 
     </span>
    </p>

    <p class='ocr_par' dir='ltr' id='par_1_3' title="bbox 182 657 1173 854">
     <span class='ocr_line' id='line_1_3' title="bbox 182 657 1173 748; baseline 0.005 -22"><span class='ocrx_word' id='word_1_6' title='bbox 182 657 379 744; x_wconf 73' lang='lat' dir='ltr'>splendebit,</span> <span class='ocrx_word' id='word_1_7' title='bbox 388 660 617 743; x_wconf 77' lang='lat' dir='ltr'><strong>reputantibus,</strong></span> <span class='ocrx_word' id='word_1_8' title='bbox 637 658 643 748; x_wconf 85' lang='grc' dir='ltr'>Ι</span> <span class='ocrx_word' id='word_1_9' title='bbox 661 665 818 745; x_wconf 81' lang='lat' dir='ltr'><strong>quantum</strong></span> <span class='ocrx_word' id='word_1_10' title='bbox 832 662 889 728; x_wconf 88' lang='lat' dir='ltr'><strong>hss</strong></span> <span class='ocrx_word' id='word_1_11' title='bbox 903 662 997 730; x_wconf 82' lang='lat' dir='ltr'><strong>vivus</strong></span> <span class='ocrx_word' id='word_1_12' title='bbox 1012 665 1173 732; x_wconf 78' lang='lat' dir='ltr'><strong>amoverit.</strong></span> 
     </span>
     <span class='ocr_line' id='line_1_4' title="bbox 267 768 891 854; baseline 0.003 -20"><span class='ocrx_word' id='word_1_13' title='bbox 267 769 376 854; x_wconf 79' lang='lat' dir='ltr'><strong>Atque</strong></span> <span class='ocrx_word' id='word_1_14' title='bbox 390 774 429 834; x_wconf 78' lang='lat' dir='ltr'><strong>ui</strong></span> <span class='ocrx_word' id='word_1_15' title='bbox 442 768 561 854; x_wconf 68' lang='lat' dir='ltr'><strong>sepulti</strong></span> <span class='ocrx_word' id='word_1_16' title='bbox 572 770 698 853; x_wconf 84' lang='lat' dir='ltr'><strong>jamdiu</strong></span> <span class='ocrx_word' id='word_1_17' title='bbox 712 771 815 836; x_wconf 82' lang='lat' dir='ltr'><strong>sancti</strong></span> <span class='ocrx_word' id='word_1_18' title='bbox 828 770 891 836; x_wconf 84' lang='lat' dir='ltr'><strong>viri</strong></span> 
     </span>
    </p>

    <p class='ocr_par' dir='ltr' id='par_1_4' title="bbox 88 861 1092 1080">
     <span class='ocr_line' id='line_1_5' title="bbox 88 861 1092 969; baseline 0.005 -24"><span class='ocrx_word' id='word_1_19' title='bbox 88 861 92 870; x_wconf 50' lang='lat'><strong><em>¹</em></strong></span> <span class='ocrx_word' id='word_1_20' title='bbox 181 881 298 946; x_wconf 76' lang='lat' dir='ltr'><strong>Holitu</strong></span> <span class='ocrx_word' id='word_1_21' title='bbox 313 882 405 958; x_wconf 85' lang='lat' dir='ltr'>(bene</span> <span class='ocrx_word' id='word_1_22' title='bbox 421 881 569 965; x_wconf 80' lang='lat' dir='ltr'><strong>creditur)</strong></span> <span class='ocrx_word' id='word_1_23' title='bbox 591 879 597 969; x_wconf 84' lang='grc' dir='ltr'>Ι</span> <span class='ocrx_word' id='word_1_24' title='bbox 616 903 656 947; x_wconf 87' lang='lat' dir='ltr'><strong>ex</strong></span> <span class='ocrx_word' id='word_1_25' title='bbox 670 903 704 948; x_wconf 85' lang='lat' dir='ltr'><strong>se</strong></span> <span class='ocrx_word' id='word_1_26' title='bbox 718 882 839 968; x_wconf 71' lang='lat' dir='ltr'><strong>templo</strong></span> <span class='ocrx_word' id='word_1_27' title='bbox 851 884 975 969; x_wconf 71' lang='lat' dir='ltr'>replent</span> <span class='ocrx_word' id='word_1_28' title='bbox 988 886 1071 950; x_wconf 88' lang='lat' dir='ltr'><strong>bono</strong></span> <span class='ocrx_word' id='word_1_29' title='bbox 1084 910 1092 965; x_wconf 91' lang='lat'>;</span> 
     </span>
     <span class='ocr_line' id='line_1_6' title="bbox 266 991 840 1080; baseline 0.007 -23"><span class='ocrx_word' id='word_1_30' title='bbox 266 991 319 1057; x_wconf 88' lang='lat' dir='ltr'><strong>Sic</strong></span> <span class='ocrx_word' id='word_1_31' title='bbox 334 992 442 1058; x_wconf 84' lang='lat' dir='ltr'><strong>suavis</strong></span> <span class='ocrx_word' id='word_1_32' title='bbox 455 992 627 1059; x_wconf 78' lang='lat' dir='ltr'><strong>effloresoet</strong></span> <span class='ocrx_word' id='word_1_33' title='bbox 641 1014 681 1060; x_wconf 88' lang='lat' dir='ltr'><strong>ex</strong></span> <span class='ocrx_word' id='word_1_34' title='bbox 694 994 840 1080; x_wconf 80' lang='lat' dir='ltr'><strong>imagine,</strong></span> 
     </span>
    </p>

    <p class='ocr_par' dir='ltr' id='par_1_5' title="bbox 179 1103 1246 1192">
     <span class='ocr_line' id='line_1_7' title="bbox 179 1103 1246 1192; baseline 0.006 -24"><span class='ocrx_word' id='word_1_35' title='bbox 179 1103 293 1168; x_wconf 81' lang='lat' dir='ltr'><strong>Finxit</strong></span> <span class='ocrx_word' id='word_1_36' title='bbox 305 1123 402 1187; x_wconf 87' lang='lat' dir='ltr'><strong>quom</strong></span> <span class='ocrx_word' id='word_1_37' title='bbox 416 1103 555 1169; x_wconf 85' lang='lat' dir='ltr'><strong>moriens</strong></span> <span class='ocrx_word' id='word_1_38' title='bbox 570 1105 673 1184; x_wconf 88' lang='lat' dir='ltr'><strong>simui,</strong></span> <span class='ocrx_word' id='word_1_39' title='bbox 692 1104 699 1192; x_wconf 81' lang='grc' dir='ltr'>Ι</span> <span class='ocrx_word' id='word_1_40' title='bbox 717 1106 833 1172; x_wconf 71' lang='lat' dir='ltr'><strong>nostris</strong></span> <span class='ocrx_word' id='word_1_41' title='bbox 847 1106 949 1192; x_wconf 73' lang='lat' dir='ltr'><strong>gustis</strong></span> <span class='ocrx_word' id='word_1_42' title='bbox 963 1106 1117 1174; x_wconf 76' lang='lat' dir='ltr'><strong>cordibus.</strong></span> <span class='ocrx_word' id='word_1_43' title='bbox 1241 1138 1246 1148; x_wconf 93' lang='lat'>·</span> 
     </span>
    </p>
   </div>
   <div class='ocr_carea' id='block_1_3' title="bbox 590 1365 696 1450">
    <p class='ocr_par' dir='ltr' id='par_1_6' title="bbox 590 1365 696 1450">
     <span class='ocr_line' id='line_1_8' title="bbox 590 1365 696 1450; baseline 0 0"><span class='ocrx_word' id='word_1_44' title='bbox 590 1365 696 1450; x_wconf 76' lang='lat'><strong>[74]</strong></span> 
     </span>
    </p>
   </div>
   <div class='ocr_carea' id='block_1_4' title="bbox 175 1559 1050 1982">
    <p class='ocr_par' dir='ltr' id='par_1_7' title="bbox 175 1559 1050 1982">
     <span class='ocr_line' id='line_1_9' title="bbox 232 1559 956 1642; baseline 0.006 -18"><span class='ocrx_word' id='word_1_45' title='bbox 232 1563 262 1626; x_wconf 90' lang='lat'><strong>1.</strong></span> <span class='ocrx_word' id='word_1_46' title='bbox 306 1559 398 1624; x_wconf 68' lang='lat' dir='ltr'><strong>Pulc</strong></span> <span class='ocrx_word' id='word_1_47' title='bbox 413 1559 525 1626; x_wconf 79' lang='lat' dir='ltr'><strong>ceteris</strong></span> <span class='ocrx_word' id='word_1_48' title='bbox 539 1560 586 1625; x_wconf 91' lang='lat' dir='ltr'><strong>mi</strong></span> <span class='ocrx_word' id='word_1_49' title='bbox 600 1561 706 1627; x_wconf 80' lang='lat' dir='ltr'><strong>suevis</strong></span> <span class='ocrx_word' id='word_1_50' title='bbox 720 1561 777 1628; x_wconf 81' lang='lat' dir='ltr'><strong>ille</strong></span> <span class='ocrx_word' id='word_1_51' title='bbox 789 1562 884 1630; x_wconf 80' lang='lat' dir='ltr'><strong>vallis</strong></span> <span class='ocrx_word' id='word_1_52' title='bbox 899 1571 956 1642; x_wconf 80' lang='lat' dir='ltr'><strong>est,</strong></span> 
     </span>
     <span class='ocr_line' id='line_1_10' title="bbox 177 1653 1033 1762; baseline 0.006 -25"><span class='ocrx_word' id='word_1_53' title='bbox 177 1653 280 1756; x_wconf 76' lang='lat' dir='ltr'><strong>Cujus</strong></span> <span class='ocrx_word' id='word_1_54' title='bbox 293 1669 330 1734; x_wconf 91' lang='lat' dir='ltr'><strong>in</strong></span> <span class='ocrx_word' id='word_1_55' title='bbox 343 1669 469 1754; x_wconf 82' lang='lat' dir='ltr'><strong>placido</strong></span> <span class='ocrx_word' id='word_1_56' title='bbox 483 1670 558 1736; x_wconf 86' lang='lat' dir='ltr'><strong>siuu</strong></span> <span class='ocrx_word' id='word_1_57' title='bbox 576 1669 582 1759; x_wconf 84' lang='grc' dir='ltr'>Ι</span> <span class='ocrx_word' id='word_1_58' title='bbox 601 1672 702 1738; x_wconf 83' lang='lat' dir='ltr'><strong>clerae</strong></span> <span class='ocrx_word' id='word_1_59' title='bbox 717 1675 913 1740; x_wconf 81' lang='lat' dir='ltr'><strong>conveniunt</strong></span> <span class='ocrx_word' id='word_1_60' title='bbox 926 1697 1033 1762; x_wconf 85' lang='lat' dir='ltr'><strong>squce.</strong></span> 
     </span>
     <span class='ocr_line' id='line_1_11' title="bbox 307 1781 952 1866; baseline 0.011 -21"><span class='ocrx_word' id='word_1_61' title='bbox 307 1782 416 1866; x_wconf 88' lang='lat' dir='ltr'><strong>Hujus</strong></span> <span class='ocrx_word' id='word_1_62' title='bbox 429 1781 516 1847; x_wconf 79' lang='lat' dir='ltr'><strong>viror</strong></span> <span class='ocrx_word' id='word_1_63' title='bbox 528 1803 591 1848; x_wconf 90' lang='lat' dir='ltr'><strong>non</strong></span> <span class='ocrx_word' id='word_1_64' title='bbox 605 1783 697 1849; x_wconf 90' lang='lat' dir='ltr'><strong>cordo</strong></span> <span class='ocrx_word' id='word_1_65' title='bbox 710 1790 859 1851; x_wconf 73' lang='lat' dir='ltr'><strong>vanescet</strong></span> <span class='ocrx_word' id='word_1_66' title='bbox 873 1807 952 1864; x_wconf 88' lang='lat' dir='ltr'><strong>mco,</strong></span> 
     </span>
     <span class='ocr_line' id='line_1_12' title="bbox 175 1892 1050 1982; baseline 0.005 -22"><span class='ocrx_word' id='word_1_67' title='bbox 175 1893 222 1960; x_wconf 88' lang='lat' dir='ltr'><strong>Ni</strong></span> <span class='ocrx_word' id='word_1_68' title='bbox 236 1892 348 1960; x_wconf 85' lang='lat' dir='ltr'><strong>sensds</strong></span> <span class='ocrx_word' id='word_1_69' title='bbox 362 1892 444 1958; x_wconf 84' lang='lat' dir='ltr'><strong>redii</strong></span> <span class='ocrx_word' id='word_1_70' title='bbox 459 1893 567 1959; x_wconf 80' lang='lat' dir='ltr'><strong>ultimi</strong></span> <span class='ocrx_word' id='word_1_71' title='bbox 585 1892 591 1982; x_wconf 84' lang='grc' dir='ltr'>Ι</span> <span class='ocrx_word' id='word_1_72' title='bbox 606 1897 737 1980; x_wconf 85' lang='lat' dir='ltr'><strong>jamque</strong></span> <span class='ocrx_word' id='word_1_73' title='bbox 752 1902 786 1962; x_wconf 78' lang='lat' dir='ltr'><strong>et</strong></span> <span class='ocrx_word' id='word_1_74' title='bbox 798 1897 867 1963; x_wconf 78' lang='lat' dir='ltr'><strong>vite</strong></span> <span class='ocrx_word' id='word_1_75' title='bbox 880 1899 1050 1964; x_wconf 78' lang='lat' dir='ltr'>recesserit.</span> 
     </span>
    </p>
   </div>
   <div class='ocr_carea' id='block_1_5' title="bbox 233 2065 1019 2203">
    <p class='ocr_par' dir='ltr' id='par_1_8' title="bbox 233 2065 1019 2203">
     <span class='ocr_line' id='line_1_13' title="bbox 233 2065 1019 2203; baseline 0.001 -21"><span class='ocrx_word' id='word_1_76' title='bbox 233 2119 262 2182; x_wconf 81' lang='lat'><strong>2.</strong></span> <span class='ocrx_word' id='word_1_77' title='bbox 306 2117 383 2183; x_wconf 84' lang='lat' dir='ltr'><strong>Non</strong></span> <span class='ocrx_word' id='word_1_78' title='bbox 398 2115 483 2203; x_wconf 89' lang='lat' dir='ltr'><strong>qudd</strong></span> <span class='ocrx_word' id='word_1_79' title='bbox 496 2117 576 2183; x_wconf 87' lang='lat' dir='ltr'><strong>locis</strong></span> <span class='ocrx_word' id='word_1_80' title='bbox 590 2118 716 2183; x_wconf 78' lang='lat' dir='ltr'><strong>Nature</strong></span> <span class='ocrx_word' id='word_1_81' title='bbox 729 2119 764 2182; x_wconf 91' lang='lat' dir='ltr'><strong>in</strong></span> <span class='ocrx_word' id='word_1_82' title='bbox 778 2117 829 2184; x_wconf 89' lang='lat' dir='ltr'><strong>his</strong></span> <span class='ocrx_word' id='word_1_83' title='bbox 843 2065 1019 2203; x_wconf 76' lang='lat' dir='ltr'><strong>profuderit</strong></span> 
     </span>
    </p>
   </div>
   <div class='ocr_carea' id='block_1_6' title="bbox 173 2227 1188 2538">
    <p class='ocr_par' dir='ltr' id='par_1_9' title="bbox 173 2227 1188 2538">
     <span class='ocr_line' id='line_1_14' title="bbox 174 2227 1075 2317; baseline 0.003 -23"><span class='ocrx_word' id='word_1_84' title='bbox 174 2227 342 2313; x_wconf 79' lang='lat' dir='ltr'><strong>Quidquid</strong></span> <span class='ocrx_word' id='word_1_85' title='bbox 357 2248 414 2294; x_wconf 86' lang='lat' dir='ltr'><strong>seu</strong></span> <span class='ocrx_word' id='word_1_86' title='bbox 426 2228 550 2315; x_wconf 75' lang='lat' dir='ltr'><strong>liquide</strong></span> <span class='ocrx_word' id='word_1_87' title='bbox 563 2230 667 2314; x_wconf 72' lang='lat' dir='ltr'><strong>liquet</strong></span> <span class='ocrx_word' id='word_1_88' title='bbox 684 2227 690 2317; x_wconf 91' lang='grc' dir='ltr'>Ι</span> <span class='ocrx_word' id='word_1_89' title='bbox 710 2250 765 2295; x_wconf 88' lang='lat' dir='ltr'><strong>seu</strong></span> <span class='ocrx_word' id='word_1_90' title='bbox 778 2229 863 2294; x_wconf 73' lang='lat' dir='ltr'><strong>viret</strong></span> <span class='ocrx_word' id='word_1_91' title='bbox 876 2229 1075 2297; x_wconf 80' lang='lat' dir='ltr'><strong>viridissime.</strong></span> 
     </span>
     <span class='ocr_line' id='line_1_15' title="bbox 305 2338 897 2406; baseline 0.002 -2"><span class='ocrx_word' id='word_1_92' title='bbox 305 2338 406 2405; x_wconf 78' lang='lat' dir='ltr'><strong>Haud</strong></span> <span class='ocrx_word' id='word_1_93' title='bbox 418 2339 594 2405; x_wconf 86' lang='lat' dir='ltr'><strong>rivulorum</strong></span> <span class='ocrx_word' id='word_1_94' title='bbox 608 2346 717 2406; x_wconf 80' lang='lat' dir='ltr'>tenere</span> <span class='ocrx_word' id='word_1_95' title='bbox 730 2339 897 2406; x_wconf 72' lang='lat' dir='ltr'><strong>fascinatio</strong></span> 
     </span>
     <span class='ocr_line' id='line_1_16' title="bbox 173 2449 1188 2538; baseline 0.002 -20"><span class='ocrx_word' id='word_1_96' title='bbox 173 2451 376 2536; x_wconf 79' lang='lat' dir='ltr'><strong>Colliumque</strong></span> <span class='ocrx_word' id='word_1_97' title='bbox 390 2453 557 2532; x_wconf 78' lang='lat' dir='ltr'><strong>movebat;</strong></span> <span class='ocrx_word' id='word_1_98' title='bbox 573 2457 606 2516; x_wconf 77' lang='lat' dir='ltr'><strong>ct</strong></span> <span class='ocrx_word' id='word_1_99' title='bbox 624 2449 630 2538; x_wconf 77' lang='grc' dir='ltr'>Ι</span> <span class='ocrx_word' id='word_1_100' title='bbox 649 2451 803 2536; x_wconf 85' lang='lat' dir='ltr'><strong>quiddam</strong></span> <span class='ocrx_word' id='word_1_101' title='bbox 817 2449 1017 2534; x_wconf 84' lang='lat' dir='ltr'><strong>(mehercule)</strong></span> <span class='ocrx_word' id='word_1_102' title='bbox 1030 2451 1188 2522; x_wconf 82' lang='lat' dir='ltr'><strong>blandius.</strong></span> 
     </span>
    </p>
   </div>
   <div class='ocr_carea' id='block_1_7' title="bbox 108 2672 1100 3096">
    <p class='ocr_par' dir='ltr' id='par_1_10' title="bbox 108 2672 1005 2761">
     <span class='ocr_line' id='line_1_17' title="bbox 108 2672 1005 2761; baseline 0.006 -27"><span class='ocrx_word' id='word_1_103' title='bbox 108 2729 110 2734; x_wconf 81' lang='grc'>,</span> <span class='ocrx_word' id='word_1_104' title='bbox 229 2677 258 2740; x_wconf 92' lang='grc'><strong>3.</strong></span> <span class='ocrx_word' id='word_1_105' title='bbox 303 2673 397 2754; x_wconf 75' lang='lat' dir='ltr'><strong>Quod</strong></span> <span class='ocrx_word' id='word_1_106' title='bbox 411 2695 509 2761; x_wconf 85' lang='lat' dir='ltr'>prope</span> <span class='ocrx_word' id='word_1_107' title='bbox 523 2676 671 2742; x_wconf 76' lang='lat' dir='ltr'><strong>tenebam</strong></span> <span class='ocrx_word' id='word_1_108' title='bbox 684 2673 807 2761; x_wconf 79' lang='lat' dir='ltr'><strong>pectori</strong></span> <span class='ocrx_word' id='word_1_109' title='bbox 820 2672 1005 2752; x_wconf 82' lang='lat' dir='ltr'><strong>carissimos,</strong></span> 
     </span>
    </p>

    <p class='ocr_par' dir='ltr' id='par_1_11' title="bbox 172 2784 1100 2983">
     <span class='ocr_line' id='line_1_18' title="bbox 172 2784 1100 2874; baseline 0.002 -24"><span class='ocrx_word' id='word_1_110' title='bbox 172 2785 238 2865; x_wconf 81' lang='lat' dir='ltr'><strong>Qui</strong></span> <span class='ocrx_word' id='word_1_111' title='bbox 251 2806 364 2852; x_wconf 84' lang='lat' dir='ltr'><strong>scenae</strong></span> <span class='ocrx_word' id='word_1_112' title='bbox 378 2787 519 2872; x_wconf 84' lang='lat' dir='ltr'><strong>magicae</strong></span> <span class='ocrx_word' id='word_1_113' title='bbox 533 2787 663 2871; x_wconf 87' lang='lat' dir='ltr'><strong>insuper</strong></span> <span class='ocrx_word' id='word_1_114' title='bbox 681 2785 687 2874; x_wconf 84' lang='grc' dir='ltr'>Ι</span> <span class='ocrx_word' id='word_1_115' title='bbox 705 2806 805 2851; x_wconf 87' lang='lat' dir='ltr'><strong>novas</strong></span> <span class='ocrx_word' id='word_1_116' title='bbox 820 2784 1100 2868; x_wconf 79' lang='lat' dir='ltr'><strong>delicias·dabanr;</strong></span> 
     </span>
     <span class='ocr_line' id='line_1_19' title="bbox 302 2895 1032 2983; baseline 0.003 -21"><span class='ocrx_word' id='word_1_117' title='bbox 302 2897 411 2976; x_wconf 84' lang='lat' dir='ltr'><strong>Gncri,</strong></span> <span class='ocrx_word' id='word_1_118' title='bbox 425 2897 504 2963; x_wconf 85' lang='lat' dir='ltr'><strong>locis</strong></span> <span class='ocrx_word' id='word_1_119' title='bbox 518 2905 674 2983; x_wconf 78' lang='lat' dir='ltr'><strong>quantum</strong></span> <span class='ocrx_word' id='word_1_120' title='bbox 690 2897 823 2983; x_wconf 81' lang='lat' dir='ltr'><strong>ampliet</strong></span> <span class='ocrx_word' id='word_1_121' title='bbox 835 2895 1032 2980; x_wconf 83' lang='lat' dir='ltr'><strong>pulcerrimis</strong></span> 
     </span>
    </p>

    <p class='ocr_par' dir='ltr' id='par_1_12' title="bbox 169 2987 960 3096">
     <span class='ocr_line' id='line_1_20' title="bbox 169 2987 960 3096; baseline -0.003 -24"><span class='ocrx_word' id='word_1_122' title='bbox 169 3005 412 3086; x_wconf 74' lang='lat' dir='ltr'><strong>Pulcriiudinis,</strong></span> <span class='ocrx_word' id='word_1_123' title='bbox 426 2987 491 3072; x_wconf 76' lang='lat' dir='ltr'><strong>icis</strong></span> <span class='ocrx_word' id='word_1_124' title='bbox 503 3007 562 3073; x_wconf 86' lang='lat' dir='ltr'><strong>lux</strong></span> <span class='ocrx_word' id='word_1_125' title='bbox 581 3005 586 3096; x_wconf 87' lang='grc' dir='ltr'>Ι</span> <span class='ocrx_word' id='word_1_126' title='bbox 605 3009 685 3074; x_wconf 83' lang='lat' dir='ltr'><strong>caris</strong></span> <span class='ocrx_word' id='word_1_127' title='bbox 700 3029 741 3074; x_wconf 84' lang='lat' dir='ltr'><strong>ex</strong></span> <span class='ocrx_word' id='word_1_128' title='bbox 755 3007 855 3073; x_wconf 84' lang='lat' dir='ltr'><strong>oculis</strong></span> <span class='ocrx_word' id='word_1_129' title='bbox 869 3011 960 3071; x_wconf 73' lang='lat' dir='ltr'><strong>reiro.</strong></span> 
     </span>
    </p>
   </div>
   <div class='ocr_carea' id='block_1_8' title="bbox 169 3226 1183 3654">
    <p class='ocr_par' dir='ltr' id='par_1_13' title="bbox 169 3226 1183 3654">
     <span class='ocr_line' id='line_1_21' title="bbox 228 3226 965 3310; baseline 0.004 -20"><span class='ocrx_word' id='word_1_130' title='bbox 228 3227 260 3291; x_wconf 90' lang='lat'><strong>4.</strong></span> <span class='ocrx_word' id='word_1_131' title='bbox 306 3226 414 3310; x_wconf 77' lang='lat' dir='ltr'><strong>Opaca</strong></span> <span class='ocrx_word' id='word_1_132' title='bbox 426 3229 541 3296; x_wconf 82' lang='lat' dir='ltr'><strong>vullis!</strong></span> <span class='ocrx_word' id='word_1_133' title='bbox 561 3231 646 3296; x_wconf 75' lang='lat' dir='ltr'><strong>inter</strong></span> <span class='ocrx_word' id='word_1_134' title='bbox 660 3251 715 3295; x_wconf 85' lang='lat' dir='ltr'><strong>ora</strong></span> <span class='ocrx_word' id='word_1_135' title='bbox 728 3229 843 3306; x_wconf 85' lang='lat' dir='ltr'><strong>dulcis,</strong></span> <span class='ocrx_word' id='word_1_136' title='bbox 963 3301 965 3306; x_wconf 85' lang='lat'><em>.</em></span> 
     </span>
     <span class='ocr_line' id='line_1_22' title="bbox 170 3338 1171 3428; baseline 0.006 -25"><span class='ocrx_word' id='word_1_137' title='bbox 170 3338 280 3414; x_wconf 83' lang='lat' dir='ltr'><strong>Quam</strong></span> <span class='ocrx_word' id='word_1_138' title='bbox 294 3339 494 3419; x_wconf 76' lang='lat' dir='ltr'><strong>tranquillus,</strong></span> <span class='ocrx_word' id='word_1_139' title='bbox 509 3343 635 3408; x_wconf 85' lang='lat' dir='ltr'><strong>Ovdce!</strong></span> <span class='ocrx_word' id='word_1_140' title='bbox 650 3342 743 3408; x_wconf 80' lang='lat' dir='ltr'><strong>erravi</strong></span> <span class='ocrx_word' id='word_1_141' title='bbox 761 3339 767 3428; x_wconf 79' lang='grc' dir='ltr'>Ι</span> <span class='ocrx_word' id='word_1_142' title='bbox 785 3341 891 3404; x_wconf 76' lang='lat' dir='ltr'><strong>intuo</strong></span> <span class='ocrx_word' id='word_1_143' title='bbox 905 3339 1024 3422; x_wconf 85' lang='lat' dir='ltr'><strong>gremio</strong></span> <span class='ocrx_word' id='word_1_144' title='bbox 1039 3344 1171 3425; x_wconf 90' lang='lat' dir='ltr'><strong>cubem;</strong></span> 
     </span>
     <span class='ocr_line' id='line_1_23' title="bbox 306 3443 1014 3533; baseline 0.011 -27"><span class='ocrx_word' id='word_1_145' title='bbox 306 3443 383 3522; x_wconf 75' lang='lat' dir='ltr'><strong>Qud,</strong></span> <span class='ocrx_word' id='word_1_146' title='bbox 397 3453 469 3528; x_wconf 80' lang='lat' dir='ltr'><strong>post</strong></span> <span class='ocrx_word' id='word_1_147' title='bbox 483 3453 637 3533; x_wconf 83' lang='lat' dir='ltr'><strong>procellos</strong></span> <span class='ocrx_word' id='word_1_148' title='bbox 652 3449 752 3517; x_wconf 88' lang='lat' dir='ltr'><strong>seculi</strong></span> <span class='ocrx_word' id='word_1_149' title='bbox 765 3450 862 3532; x_wconf 90' lang='lat' dir='ltr'><strong>hujus</strong></span> <span class='ocrx_word' id='word_1_150' title='bbox 877 3446 1014 3530; x_wconf 83' lang='lat' dir='ltr'><strong>frigidas,</strong></span> 
     </span>
     <span class='ocr_line' id='line_1_24' title="bbox 169 3551 1183 3654; baseline 0.008 -34"><span class='ocrx_word' id='word_1_151' title='bbox 169 3551 280 3620; x_wconf 79' lang='lat' dir='ltr'><strong>Corda</strong></span> <span class='ocrx_word' id='word_1_152' title='bbox 293 3558 408 3633; x_wconf 70' lang='lat' dir='ltr'><strong>nostre,</strong></span> <span class='ocrx_word' id='word_1_153' title='bbox 422 3561 494 3625; x_wconf 87' lang='lat' dir='ltr'><strong>tuos</strong></span> <span class='ocrx_word' id='word_1_154' title='bbox 507 3565 599 3631; x_wconf 80' lang='lat' dir='ltr'><strong>velut</strong></span> <span class='ocrx_word' id='word_1_155' title='bbox 613 3563 622 3654; x_wconf 75' lang='grc' dir='ltr'>Ι</span> <span class='ocrx_word' id='word_1_156' title='bbox 640 3564 735 3639; x_wconf 89' lang='lat' dir='ltr'><strong>rivos,</strong></span> <span class='ocrx_word' id='word_1_157' title='bbox 750 3559 882 3625; x_wconf 70' lang='lat' dir='ltr'><strong>misceat</strong></span> <span class='ocrx_word' id='word_1_158' title='bbox 896 3556 980 3622; x_wconf 82' lang='lat' dir='ltr'><strong>almo</strong></span> <span class='ocrx_word' id='word_1_159' title='bbox 993 3580 1065 3647; x_wconf 82' lang='lat' dir='ltr'><strong>par.</strong></span> <span class='ocrx_word' id='word_1_160' title='bbox 1160 3581 1183 3614; x_wconf 72' lang='lat'><strong>⁴⁴</strong></span> 
     </span>
    </p>
   </div>
   <div class='ocr_carea' id='block_1_9' title="bbox 623 3803 651 3854">
    <p class='ocr_par' dir='ltr' id='par_1_14' title="bbox 623 3803 651 3854">
     <span class='ocr_line' id='line_1_25' title="bbox 623 3803 651 3854; baseline 0 0"><span class='ocrx_word' id='word_1_161' title='bbox 623 3803 651 3854; x_wconf 79' lang='lat' dir='ltr'>M</span> 
     </span>
    </p>
   </div>
   <div class='ocr_carea' id='block_1_10' title="bbox 0 0 1436 4406">
    <p class='ocr_par' dir='ltr' id='par_1_15' title="bbox 0 0 1436 4406">
     <span class='ocr_line' id='line_1_26' title="bbox 0 0 1436 4406; baseline 0 5"><span class='ocrx_word' id='word_1_162' title='bbox 0 0 1436 4406; x_wconf 95' lang='lat' dir='ltr'><strong> </strong></span> 
     </span>
    </p>
   </div>
  </div>
 </body>
</html>
