2848 4436
642 281 692 348 49

336 509 448 576 Procul
461 515 494 575 et
508 509 588 574 caeli
601 509 735 574 fulmine
749 509 852 592 majus

378 621 554 706 Strepitant
567 622 662 685 rdbra
671 621 797 706 fulgura
809 619 895 686 belli.

263 737 290 796 5.
334 732 579 810 At,-at,·rs1bricr
593 732 644 796 his
658 753 753 815 super
767 730 891 796 arcibus

336 845 398 910 Illa
409 844 555 930 fldgrabit
569 843 643 907 nive
658 840 832 926 sanguinea

337 958 407 1020 Lux
420 957 522 1021 tincta
535 979 543 1035 ;
565 955 697 1038 ructque
713 955 807 1019 Isdris
821 975 915 1038 porro

375 1067 493 1132 Veloce
507 1067 666 1131 cruentior
679 1065 774 1130 undat.

263 1181 291 1240 o.
335 1177 494 1257 Luciscit;
516 1177 652 1241 necdum
665 1176 721 1240 illc
734 1175 865 1240 humilis
880 1171 928 1240 sol

334 1287 451 1351 Lurida
465 1288 581 1352 Martis
594 1291 741 1371 penetret
754 1287 873 1365 nubila,

333 1397 391 1464 Vis
406 1400 464 1464 ubi
477 1400 591 1464 Franci
606 1405 701 1482 atque
712 1399 850 1482 impetus
865 1395 980 1462 Hunni

375 1510 464 1574 Tecti
477 1511 537 1576 sub
551 1509 671 1576 sulfure
686 1510 845 1594 clangrmt.

262 1621 292 1686 Z
334 1621 449 1686 Acrius
464 1622 583 1688 ardent.
627 1622 677 1686 Ite
693 1623 720 1687 0
735 1642 888 1706 prorsum,

334 1735 498 1816 Quotquot
512 1733 608 1798 decus
623 1754 640 1798 e
654 1738 755 1798 morte
770 1731 929 1817 oppetitis.

335 1843 502 1908 Mdnachit
523 1845 622 1908 heus!
644 1850 702 1908 tua
715 1843 805 1928 signa
819 1844 911 1928 agita,
923 1843 1028 1928 jacta:
1083 1889 1086 1906 ,

377 1956 411 2019 si
425 1955 503 2038 quid
517 1962 615 2039 potae,
635 1955 718 2020 irrue
732 1956 830 2024 fortis.

263 2069 291 2128 8.
336 2065 435 2130 Multi
449 2071 570 2143 coeunt,
593 2066 688 2150 pauci
702 2067 875 2132 excedent:

334 2177 444 2241 Plures
457 2176 645 2268 lodirnivis
660 2175 808 2240 obvolvet
909 2249 910 2252 Ἴ

334 2287 404 2364 Qus
414 2308 470 2372 pes
484 2287 626 2372 graditur
640 2307 772 2370 cunque,
788 2287 847 2351 sub
862 2285 950 2350 omni

367 2399 553 2482 Requiescet
568 2400 686 2482 cespite
700 2399 800 2463 miles.
881 2466 884 2474 ,

618 2660 722 2742 [17]
755 2664 757 2669 ’

262 2860 289 2918 1.
334 2858 367 2918 N
368 2873 414 2932 oa,
430 2855 507 2920 dnm
521 2856 656 2922 nebulae
667 2857 763 2939 jubar
775 2855 945 2922 hibernum

332 2968 439 3030 Lunae
454 2966 605 3030 abdentes
620 2967 766 3050 equitant
779 2973 884 3052 supra,

332 3079 442 3142 Furias
456 3079 650 3156 deterrenti,
669 3080 786 3147 fluctus
914 3131 917 3136 «

320 3182 325 3192 ’
373 3190 607 3273 Exsuperamus
630 3191 830 3257 decumanos,

318 3305 417 3368 ‹Num
432 3325 505 3368 cum
519 3289 654 3367 messore
669 3325 745 3370 arva
758 3324 815 3386 per
828 3303 925 3382 arida,

331 3415 413 3477 Cum
426 3414 509 3477 bene
521 3419 605 3478 tecto
621 3414 737 3498 pdpulo
752 3415 882 3493 urbane,

331 3527 413 3589 (lum
426 3545 498 3616 rege
513 3525 649 3588 cubante
663 3522 727 3588 levi
742 3524 777 3586 in
790 3523 903 3608 pluma
992 3559 993 3564 κ

372 3637 494 3701 Sortem
508 3635 728 3700 mutabimus?
749 3635 856 3706 immo.

644 3763 666 3810 a
