2896 4402
628 333 698 412 127

614 601 728 683 [54]

256 801 283 862 1.
328 799 406 861 Nox
420 795 590 881 praelonga
604 795 719 860 hiemis
733 795 916 882 praeteriit:
938 796 1053 877 viden,

412 909 489 972 Meo
504 907 668 972 carissima
681 907 768 972 cordi
775 907 792 971 ¹2

284 1018 389 1098 Qubm
404 1018 563 1104 fulgidum
578 1024 675 1102 caput
689 1019 823 1083 efferens

304 1199 308 1209 ,
413 1129 469 1194 Sol
483 1129 727 1214 augustissimus
743 1129 844 1193 ambit
856 1133 863 1193 l

204 1237 208 1244 ’
290 1327 293 1334 ¹
327 1245 432 1307 Morte
448 1263 489 1308 ex
502 1241 618 1332 hiemis
633 1241 746 1306 salices
760 1241 922 1307 redivivae

326 1355 514 1438 Fragranber
528 1352 624 1430 olent,
638 1352 692 1417 vel
706 1352 838 1436 spiritus
852 1356 979 1418 ulmus
994 1378 1001 1418 :

412 1463 457 1525 Ea
470 1483 557 1526 nunc
570 1483 686 1547 nempe
699 1462 816 1545 incipit
829 1467 940 1528 aestas.

255 1577 284 1645 2,
328 1574 380 1637 En
394 1574 517 1639 aestiva
531 1574 599 1639 dies
613 1574 721 1638 lucida
734 1574 912 1660 longaque!

413 1687 645 1772 Praegrandem
659 1688 792 1753 audisne
806 1688 985 1773 fragorem?

287 1799 370 1863 Sane
384 1798 484 1863 moles
498 1798 599 1883 glacie
613 1820 709 1865 ruens

415 1909 605 1995 Splendores
619 1897 754 1976 suscitat
767 1913 880 1977 undae.

327 2021 405 2084 Jam
418 2041 510 2086 mons
525 2021 726 2105 praelucidus
741 2023 783 2086 ad
796 2043 883 2087 mare
898 2022 1004 2107 serpit,

331 2131 432 2214 Cujus
446 2132 577 2197 virideis
592 2133 728 2200 laterum
742 2134 908 2218 crystallos

413 2242 600 2328 Perrumpib
615 2265 766 2328 spumeus
780 2244 902 2309 humor.

256 2355 286 2418 3.
332 2353 440 2418 Imum
455 2356 571 2436 cymba
584 2355 647 2420 tibi
661 2360 726 2420 stab
740 2355 836 2420 maris
852 2355 894 2420 ad
908 2353 1012 2420 sblum

416 2467 478 2531 Per
492 2466 579 2551 algas
593 2467 722 2531 vincte:
744 2468 801 2532 sed
812 2485 929 2550 aequor

287 2577 384 2643 Radit
399 2597 486 2642 remo
502 2577 595 2642 citior
608 2598 680 2642 meo

415 2691 491 2755 Non
506 2689 572 2756 ales
585 2691 655 2775 ipse
669 2692 833 2775 procellae.

329 2799 384 2864 Ad
399 2820 477 2864 sexa
491 2800 581 2866 fretis
596 2801 700 2866 divise
714 2802 888 2890 exibimus

332 2912 399 2976 Ubi
414 2913 613 2997 obstreperae
627 2914 739 2998 gaviae
754 2934 812 2979 sua
827 2913 971 2979 condunt

417 3022 590 3105 Scruposas
605 3044 666 3087 ova
679 3043 737 3107 per
751 3045 829 3090 oras.

256 3133 287 3197 4
332 3132 406 3197 Illic
420 3153 472 3198 ms
486 3154 622 3212 maneas,
639 3134 703 3217 qul
716 3137 808 3200 tenui
821 3138 915 3203 rubet

416 3244 559 3310 Ventoso
573 3245 650 3310 fiere
663 3265 822 3330 papavsr;

287 3355 354 3440 Ego
368 3375 509 3440 namque
523 3355 625 3440 ipsius
639 3355 676 3418 in
689 3355 805 3424 insulis

417 3467 577 3544 Quaeram
591 3467 753 3534 nivalibus
768 3490 899 3536 ursum:

289 3578 401 3656 Quem,
415 3579 539 3644 viribus
553 3579 719 3646 indomitis
734 3581 915 3661 immanem,

289 3690 409 3762 Tamen
423 3711 465 3755 ex
477 3690 614 3776 propriis
627 3690 758 3759 latebris
772 3714 844 3758 mea
856 3694 987 3764 brachia

286 3867 289 3871 .
418 3802 620 3868 Protractum
634 3802 669 3869 vi
683 3805 887 3890 superabunt.
