2864 4406
642 310 703 380 151

294 542 322 610 Ο
337 543 478 628 quantem
491 539 547 606 ille
562 544 611 606 eet
624 539 765 606 hominis
779 537 913 618 animm
927 537 985 624 qui
998 536 1110 624 polum

377 651 532 724 Sublimis
546 651 646 718 istum
660 649 826 716 subvolatl

219 765 249 832 2.
293 763 380 830 Utnt
392 763 514 850 peritus
529 761 607 828 actis
620 767 764 828 attamen
777 762 857 850 aies,¹

379 875 543 961 OonJ'icere
556 875 744 960 neutiquam
757 874 854 951 vales,

291 986 462 1055 maeotis
475 991 616 1073 quantus
630 987 772 1052 exundet
784 1006 893 1052 mcum

379 1099 441 1163 Per
454 1102 567 1184 pectus
581 1103 688 1166 aestua
701 1097 815 1168 uberis.

291 1209 362 1276 Nec
375 1221 465 1294 spem
478 1214 570 1293 potes
584 1207 774 1274 fiduciamve
788 1207 943 1296 persequi,

380 1320 498 1388 Dimm
511 1319 565 1386 vel
578 1341 734 1406 angorem,
750 1321 868 1406 quibus

292 1433 456 1518 cujusque
471 1430 600 1498 anhelat
614 1432 703 1500 intus
717 1432 885 1500 exhaletve
899 1453 954 1500 cor

309 1549 311 1558 '
378 1544 477 1630 Aegri
490 1543 603 1630 pusilli
616 1544 811 1612 homunculi

290 1655 470 1726 Velocitate
486 1655 542 1741 qui
552 1656 648 1740 jubar
662 1656 738 1722 solis
752 1661 859 1742 potest

241 1793 244 1804 ·
377 1766 533 1834 Evincere
547 1767 673 1834 animus
688 1768 810 1845 artifex,

292 1876 482 1944 Cumulatts
496 1877 558 1944 etsi
571 1877 615 1950 eit
628 1877 770 1956 scientie,
784 1899 889 1946 meam

380 1990 511 2075 Ignorat
524 1989 610 2054 Idem
625 1990 779 2055 semitam.

290 2100 405 2191 Neque
417 2100 474 2166 ille
488 2100 603 2168 amoris
620 2100 825 2168 altitudinem
837 2099 903 2166 mai

378 2212 543 2278 Peitantet
557 2211 634 2278 artis
647 2209 765 2297 regula

290 2323 325 2388 N
324 2323 421 2390 edum
433 2322 555 2390 valebit
568 2322 736 2412 pcavitatis
750 2322 898 2388 intimam

376 2429 546 2502 Penitrara
560 2456 618 2521 per
632 2435 808 2520 caliginem

288 2545 442 2614 Vanescit
456 2545 563 2612 animo
577 2546 678 2612 nimia
691 2567 763 2612 mea
777 2545 932 2632 superbia,

378 2658 406 2722 Ο
422 2662 622 2742 computator
636 2657 776 2730 siderum
789 2681 797 2738 ;

240 2779 244 2788 ·
289 2767 375 2838 Nam
388 2768 519 2854 penitus
532 2769 569 2833 in
582 2789 653 2836 meo
667 2773 787 2854 tuoque
800 2774 928 2854 pectore

376 2879 496 2949 Mundi
507 2879 611 2948 latent
624 2880 786 2968 incogniti.

620 3143 727 3226 [63]

261 3339 291 3402 1.
335 3338 363 3402 0
378 3353 484 3416 mann,
499 3337 574 3404 flete
587 3358 735 3423 prorsus:
756 3338 834 3404 hora
847 3344 953 3406 vestra

375 3448 517 3534 Spesque
530 3448 695 3534 praeteriit
708 3450 851 3534 superba
911 3521 913 3528 ,

332 3559 453 3628 Fatalis
467 3565 526 3628 ent
546 3582 603 3627 vce
617 3561 753 3647 impedit
767 3567 885 3638 catena,

376 3671 410 3734 N
410 3692 445 3737 ec
456 3673 525 3756 jam
539 3677 638 3738 laetat
651 3672 753 3738 honor
765 3671 875 3736 virilis.
