2864 4406
643 351 712 416 139

294 579 343 642 Tu
356 577 429 642 vela
442 575 565 662 pandas
578 601 586 641 :
608 576 712 643 sieubi
725 576 870 662 gentium

336 688 463 754 Insanit
477 709 561 766 aura,
576 693 706 774 spumat
720 687 815 766 unda,

377 799 452 864 Flos
466 803 556 864 tenet
569 797 696 883 Argius
709 798 757 863 ib1
771 797 963 884 sepulerum.

293 911 335 995 [8.
380 912 434 988 At,
450 909 612 976 carissima
625 909 771 994 gentium

376 1025 452 1088 Me'o
466 1022 570 1108 patria
584 1022 722 1106 pectori!

376 1135 399 1198 J
400 1134 466 1199 uris
479 1132 659 1218 legitimum
674 1137 778 1217 caput,

334 1244 409 1308 Juri
422 1244 466 1309 sit
479 1249 536 1308 tua
549 1243 599 1310 vis
613 1242 778 1318 ministrat

289 1356 371 1420 Tum
386 1355 587 1440 sempiternis
601 1355 712 1420 floreat
725 1354 863 1440 Angliae

290 1468 358 1546 Vis,
372 1467 536 1532 sanctitati
550 1467 686 1545 subdita
701 1467 850 1534 laudibus
862 1492 872 1547 ;

331 1580 400 1646 Neo
414 1581 583 1666 prodigant
597 1582 715 1646 frustra
729 1600 877 1657 eruorem,

376 1693 542 1777 Quotquot
555 1692 675 1778 ubique
688 1698 860 1778 gemuntur
873 1690 996 1777 Angli]

614 1966 730 2050 [ss]

314 2197 316 2202 ·
346 2161 375 2226 1.
419 2161 503 2228 Duru
517 2160 692 2247 tranquilla
707 2158 885 2244 crepusculi
1003 2215 1005 2218 .

202 2272 264 2338 Per
278 2271 407 2337 silentia
420 2273 570 2350 ruminor,
591 2271 595 2361 t
615 2270 784 2337 Subtristis
798 2269 986 2354 reputabam

415 2383 471 2460 Ut,
486 2383 551 2466 qut
565 2385 671 2449 stabat
686 2395 753 2448 avis
769 2383 882 2447 domus

201 2493 290 2559 Infra
304 2495 434 2559 arbusta
447 2492 535 2571 meis,
551 2494 654 2559 femin
673 2493 678 2581 Ι
696 2494 731 2558 N
730 2497 801 2558 utet
814 2511 945 2577 gramen
959 2491 1000 2556 ad
1015 2500 1135 2555 auram.

371 2606 507 2670 Restant
520 2610 578 2671 ent
599 2626 704 2690 neque
717 2609 804 2670 tecta
816 2602 939 2689 parieti,

415 2717 485 2782 Nea
499 2737 619 2801 quercu
633 2739 693 2783 sua
705 2717 797 2802 nigra
810 2714 929 2792 oornix,

372 2829 416 2892 Et
429 2828 525 2913 pauci
538 2829 619 2914 pade
630 2830 700 2913 jam
713 2828 784 2895 vias
797 2828 909 2894 terunt

415 2938 551 3018 obsitas,
567 2941 709 3026 agitabat
722 2940 809 3005 unda

372 3052 490 3117 Cervos
504 3053 558 3117 val
572 3074 631 3118 sua
643 3052 730 3118 bella
743 3051 794 3116 vir
806 3049 896 3116 rudis

414 3164 475 3230 Per
488 3165 634 3242 monteio,
649 3185 737 3230 mare
751 3163 843 3247 queis
857 3162 984 3227 inerrat.

343 3274 373 3338 2.
417 3275 511 3339 Inter
521 3275 637 3340 rudera
651 3274 730 3338 dum
743 3293 848 3358 vagor,

200 3382 272 3464 Qut
285 3389 393 3450 muoet
406 3385 504 3450 viridi
519 3385 584 3450 situ
603 3383 608 3473 Ι
627 3385 735 3451 Horae
749 3405 864 3451 saxeus
878 3383 977 3450 index
988 3381 1003 3464 ;'

415 3496 525 3560 Unum
537 3496 682 3580 repperio
696 3517 810 3575 rosam,
957 3485 959 3492 ’

199 3605 297 3671 Horti
310 3626 392 3690 quaa
406 3612 532 3672 revocet
545 3605 660 3686 locum,
680 3605 685 3694 Ι
705 3607 769 3672 Suo
783 3607 820 3670 in
834 3604 923 3672 caule
936 3603 1090 3670 relictam.

370 3716 496 3782 Natura
509 3717 641 3782 tacitam
656 3719 716 3783 sub
730 3716 834 3796 effari,
877 3727 879 3732 “
