2896 4402
653 337 719 405 101

350 566 490 632 Frondes
504 566 656 634 deciduae
671 573 802 656 erepant

314 673 318 682 '
349 679 476 744 Morsae
490 677 612 762 frigore,
627 678 705 742 dum
719 677 831 762 procul

221 789 322 856 Plena
334 810 412 855 voce
426 788 539 854 alacris
552 789 629 855 boas
647 787 654 877 Ι
671 794 792 854 venatu
806 789 896 855 canis
910 789 1043 856 instans

147 903 178 972 7.
351 900 474 966 Silvam
487 904 566 966 lune
580 921 707 984 quoque
719 900 821 964 latam
835 921 928 982 amo;

349 1011 424 1077 Sive
437 1012 488 1077 sol
503 1011 651 1098 equitans
666 1013 762 1098 supra

220 1127 354 1192 Saeuam
367 1123 513 1209 perlinat,
528 1122 661 1189 aureum
679 1120 684 1211 Ι
704 1123 882 1208 splendens,
897 1124 1136 1208 versicolorem

148 1241 178 1304 8.
351 1235 427 1300 Sive
442 1235 580 1300 obducta
594 1235 740 1319 vaporeis

222 1346 323 1432 Spiris
336 1367 411 1411 rura
424 1350 562 1430 pererret
577 1341 710 1434 erigenti
724 1345 857 1410 flaccida
870 1347 979 1426 nubes,

348 1458 542 1542 Perplexum
556 1478 669 1522 nemus
684 1457 853 1541 implicans
865 1480 874 1538 ;

148 1573 179 1640 9.
223 1570 363 1656 Crispati
374 1569 489 1654 juveni
503 1567 594 1634 velut
612 1565 617 1656 Ι
636 1549 752 1633 viduae
766 1568 842 1634 licia
856 1568 922 1634 veli

191 1725 194 1734 -
351 1680 466 1746 Celent
479 1679 604 1744 lumina
617 1679 757 1763 pallidae

221 1792 451 1860 Pulerieudinis
466 1791 570 1870 anxia,
590 1789 595 1878 Ι
613 1791 667 1857 vel
681 1792 816 1858 subinde
831 1791 982 1857 revelante

638 1989 749 2072 [42]

280 2144 308 2208 1.
354 2139 406 2205 Ur
420 2139 455 2204 N
455 2137 559 2204 erelde
573 2144 607 2203 et
620 2137 715 2202 AEolo

353 2251 517 2329 Quaedam
531 2249 697 2336 progenies
712 2253 802 2328 sata3

349 2362 516 2427 Denatana
531 2359 734 2446 scaphulam
748 2359 808 2425 sua

221 2473 404 2540 Unionibus
418 2471 540 2538 ambita
557 2469 562 2560 Ι
581 2471 701 2556 pulcris
715 2471 804 2535 intus
819 2475 852 2534 el
866 2473 977 2534 extra:

219 2589 336 2653 Laenas
350 2606 516 2672 parmam,
531 2605 695 2669 parmam,
714 2585 719 2670 Ι
737 2583 834 2648 Lente
848 2583 882 2646 N
882 2580 1001 2646 autilus
1016 2579 1156 2665 explieat

220 2697 353 2763 (larbasi
365 2696 472 2762 lenuis
487 2701 594 2760 eutem
613 2692 618 2783 Ι
637 2695 771 2760 sericam
784 2692 950 2759 fluitantis

279 2809 308 2874 2.
351 2808 428 2872 Non
442 2805 590 2884 ebbella
606 2826 711 2890 neque
725 2806 766 2870 ob
780 2804 937 2882 lrierum,l

349 2918 412 2985 Sed
427 2940 484 2984 suo
498 2918 592 3003 genio
606 2918 744 3004 placens,

221 3029 433 3096 Lassitudinis
447 3050 485 3094 ae
499 3029 593 3095 famis
613 3027 618 3116 Ι
637 3029 771 3107 nescius,
786 3047 977 3114 parasangas

351 3141 414 3206 Per
426 3139 547 3206 multos
561 3145 648 3204 meat
661 3140 804 3224 impigre.

220 3251 349 3316 Praeter
361 3249 472 3314 littora
485 3249 625 3334 plurima
642 3254 647 3338 Ι
665 3251 795 3314 Praeter
809 3270 956 3336 saxaque,
972 3269 1038 3342 non
1051 3252 1160 3312 movet
1206 3235 1211 3262 ¹

251 3389 254 3395 ¹
348 3361 474 3439 Velum,
489 3361 607 3445 remige
622 3359 670 3424 nil
684 3361 757 3446 opu'
772 3361 820 3426 'se

351 3474 379 3537 0
395 3472 493 3558 quam
505 3493 559 3539 me
571 3472 670 3551 lubet,
684 3479 723 3538 ut
735 3478 830 3540 vetus

220 3582 325 3649 Fortis
337 3584 450 3649 navita
463 3584 497 3648 N
497 3583 624 3666 aulilus,
644 3581 650 3671 Ι
669 3583 715 3649 sia
729 3605 855 3650 cursare
868 3605 927 3670 per
940 3582 1060 3648 altum!

166 3730 181 3757 ⁸
210 3717 291 3769 Lucri
300 3717 349 3768 has
358 3734 377 3770 a
387 3718 462 3770 short
471 3718 500 3768 iu
511 3717 595 3768 Plana
605 3719 676 3768 Pers.
686 3721 710 3778 4.
726 3723 752 3780 4,
762 3697 881 3779 118.'and
891 3719 1040 3784 apparently
1050 3717 1194 3770 elsewhere.
