2864 4406
634 325 703 394 19³

128 563 155 619 t.
199 553 318 618 Arctoe
331 573 411 618 num
425 551 553 618 silentia
566 573 623 638 per
637 573 746 632 venue,
762 573 845 618 enne

156 665 198 731 In
211 664 357 732 aestuosi
370 663 542 730 solitudine
556 664 655 730 eltem
674 663 679 753 Ι
698 685 809 730 coenus
823 664 921 730 hebes
934 664 1083 750 requiem,

240 777 415 844 Femelioos
430 776 495 864 qui
507 777 652 862 tigridnli
665 777 807 844 {remitte

283 889 387 956 Audit
400 895 528 955 oeterva
541 894 636 956 noete
650 889 908 956 oommennttmt

127 1017 157 1068 o.
201 1001 331 1068 Frustra
345 1001 401 1068 sed
415 1003 484 1087 ejus
498 1001 637 1068 finierim
652 1001 768 1068 solium

243 1116 351 1191 Mens,
367 1114 404 1179 in
418 1115 540 1182 omneis
555 1114 612 1201 qui
625 1120 757 1201 vegetus
771 1112 868 1200 spetii
924 1121 928 1128 “

368 1224 497 1294 tinctis
511 1229 713 1314 perpenetrat
725 1225 847 1294 nemeti

606 1499 716 1584 [82]

157 1697 184 1762 1.
197 1771 199 1776 ,
210 1711 239 1764 n
283 1695 353 1762 Poe
367 1716 447 1782 spes,
463 1695 503 1763 ob
517 1696 582 1762 imo
596 1702 724 1783 pectore
739 1717 821 1784 quoe
835 1693 963 1776 saliunt,

324 1809 556 1896 praesagientes
571 1809 746 1876 erastinum
759 1810 932 1895 periclum3

284 1921 389 1988 Solem
403 1921 575 2006 perillum,
591 1922 644 1986 oui
658 1923 789 1988 comites
803 1923 934 1988 venient

322 2034 391 2118 jem
405 2033 513 2098 vinclo
526 2033 704 2110 libertesve,
719 2034 788 2098 vite
801 2055 944 2100 morsve:

211 2160 239 2208 Β.
284 2144 405 2209 Noetu
419 2148 587 2221 memento,
603 2143 685 2208 liber
697 2143 793 2208 homo
808 2145 871 2211 nisi
885 2146 984 2226 vivat,

324 2254 393 2320 vito
407 2254 455 2320 nil
467 2254 544 2320 huie
559 2254 703 2319 attulerit
717 2256 841 2340 volupe.

181 2393 184 2400 ⁴
283 2368 382 2434 Velut
396 2366 557 2434 subando
571 2367 996 2451 Vespen1s,oooubetheros,

324 2505 392 2550 rore
407 2501 594 2568 conspersus
607 2482 721 2567 populi
734 2482 943 2549 liorimmum.

206 2614 234 2663 o.
278 2597 396 2664 Beatus
410 2597 446 2675 is,
462 2595 514 2661 cui
528 2594 619 2681 signe
631 2594 724 2660 ooulo
738 2613 756 2659 e
770 2599 878 2660 tenero

324 2709 412 2775 domi
426 2712 592 2774 oorusoont
606 2706 721 2786 duloio,
736 2706 814 2772 dum
827 2713 976 2794 properet

280 2822 373 2888 AEtes
386 2821 484 2888 inerti
496 2841 615 2908 prono:
637 2819 693 2886 sed
706 2818 763 2885 ille
776 2819 895 2906 vigens,

327 2934 479 3001 victoriae
493 2933 550 3018 qui
564 2933 682 2999 sonuit
694 2931 731 2996 in
744 2931 862 3018 gremio
874 2955 928 3016 3-

368 3046 395 3111 0
411 3045 509 3129 qutm
521 3043 689 3130 magnifiee
702 3044 855 3128 quieseitt

153 3159 181 3224 2.
207 3173 237 3224 Α.
279 3157 384 3243 Super
397 3154 508 3224 favillt
522 3156 688 3223 deficiente
701 3157 789 3244 vigil,

322 3289 409 3334 nuno
423 3267 523 3354 pellet
536 3268 623 3334 hosti
635 3267 746 3336 vultos
760 3269 940 3350 exenbonti,

282 3380 451 3449 Certamen
464 3379 547 3446 illud
560 3380 639 3446 dum
652 3380 807 3461 meminit,
820 3383 960 3449 mntem

323 3493 410 3580 quod
419 3495 489 3580 jem
502 3515 577 3560 suos
590 3493 769 3561 oonfuderit
781 3493 908 3562 nitores.

211 3621 238 3673 s.
283 3607 388 3688 Quem
401 3611 474 3672 tum
487 3610 633 3674 ostonem
646 3606 800 3693 rupimus,
814 3603 898 3674 hono
910 3605 1027 3674 iterum

324 3727 365 3786 ne
379 3721 509 3806 npotot!
550 3719 621 3788 Ent
643 3739 741 3787 eomu
754 3725 848 3788 vooot
862 3741 932 3790 nore
945 3721 1038 3790 viros.

648 3849 672 3898 u
