2864 4406
639 346 705 413 195

293 578 320 641 O
335 577 412 642 vina
427 577 455 642 si
468 576 641 642 viatoribus
655 576 752 642 hoooe
766 577 855 662 prius

334 689 426 755 nobis
440 688 608 768 ministret,
623 688 721 773 quem
734 689 845 775 flegret
859 690 1009 756 occiduus
1024 691 1089 756 sol!

215 820 242 868 c.
286 804 369 896 Tum
382 802 486 868 multa
500 802 615 868 sistent
629 802 743 888 frigore
757 803 852 868 eorda
865 803 930 869 fero

333 915 443 1002 sopita
459 936 541 1000 quae
555 918 643 980 nuno‘
655 915 768 1000 pidsus
782 915 849 1002 agit
861 915 983 982 calidus
990 940 998 996 ;

233 1084 236 1092 ,
290 1029 367 1107 Nee,
381 1027 484 1094 vietor
497 1028 559 1094 etsi
573 1029 661 1094 Mars
676 1034 768 1094 vocet
782 1029 859 1114 ipse,
874 1034 1045 1114 resurgent.

332 1141 461 1208 Dormit
474 1146 509 1205 at
522 1140 658 1206 feliciter
670 1139 731 1218 hio,
746 1140 885 1206 lacrimis

377 1253 480 1332 Quem
493 1258 602 1339 gentes
616 1257 810 1322 venerantur
821 1254 924 1320 orbae.

612 1523 723 1607 [83]

218 1723 243 1786 1.
289 1721 445 1786 Vroronts
460 1721 560 1788 hostis
575 1741 640 1786 nox
654 1720 822 1786 cohibebat
834 1723 903 1800 iter,

289 1834 472 1918 Oollemque
487 1839 701 1900 monstravere
715 1832 826 1918 procul
839 1832 979 1917 positum

201 1946 346 2030 Fulgura,
363 1947 427 2030 que
440 1947 555 2030 reliqui
575 1944 579 2032 Ι
599 1945 714 2012 stetere
728 1944 823 2028 pauoi
836 1944 1049 2028 languidique,

142 2039 146 2050 ⁸
329 2060 379 2121 Ex
394 2059 460 2122 aoie
475 2058 627 2138 intrepidi
641 2056 811 2121 tremende.

215 2286 244 2350 2.
289 2285 367 2368 Spes
382 2282 537 2360 militaris,
553 2283 645 2346 ardor
659 2303 769 2348 amans
784 2282 912 2366 patriae,

285 2398 411 2472 Retusa‚
427 2395 534 2472 fracta,
549 2399 676 2478 tempus
691 2393 725 2457 in
740 2414 833 2458 omne
845 2395 960 2477 jacent.

199 2508 278 2592 Quis
292 2508 423 2573 miseros
434 2504 599 2595 ornoialtsrs
613 2506 698 2570 dicet
711 2505 851 2584 herdum,
866 2507 983 2591 quibus
994 2509 1063 2591 jam

327 2620 385 2688 Nil
398 2620 462 2685 nisi
475 2619 544 2685 vita
557 2619 716 2706 decusque
729 2621 850 2684 restat?

202 2849 239 2915 3.
283 2847 422 2914 Virtutis
437 2847 518 2914 aeris
531 2866 671 2926 munera,
686 2845 810 2913 somnia
823 2844 862 2909 li-

282 2959 564 3046 bertatis-aegre,
579 2959 635 3026 sed
648 2958 991 3039 tamen-intereuat3

196 3073 239 3140 Et
253 3073 343 3138 taciti
356 3072 500 3159 vigilant,
520 3070 525 3160 Ι
544 3071 622 3137 dum
636 3071 740 3157 fulgor
752 3070 896 3136 Aurorae
909 3073 1052 3156 resurgat

327 3183 479 3262 Ultimus,
495 3181 687 3266 irradietque
701 3187 843 3248 mortem.

209 3409 238 3472 4.
282 3409 340 3472 Est
355 3409 446 3487 orbis,
462 3409 497 3472 in
511 3429 574 3492 quo
588 3407 689 3472 libera
702 3428 793 3472 meus
806 3411 958 3493 peragrat,

281 3519 350 3583 Neo
364 3541 444 3604 quae
459 3521 548 3585 Deus
563 3519 619 3584 dat
633 3520 755 3604 gaudia,
772 3541 864 3585 oaeoa
878 3519 1017 3584 hominis

194 3629 252 3696 Vis
269 3636 408 3697 temerat.
453 3631 568 3696 Aditus
588 3629 593 3718 Ι
612 3631 640 3695 si
653 3651 738 3696 mors
752 3637 892 3698 nitentes
906 3631 982 3696 huie
996 3629 1146 3707 recludat,

324 3743 352 3807 O
364 3744 442 3828 juga
456 3742 529 3826 quis
544 3743 624 3808 ferat
638 3742 691 3808 hle
705 3744 858 3827 superba?
