2896 4402
15 571 20 640 Ι
266 554 368 637 Supra
381 553 609 631 moxradrices,
625 555 713 639 gregi
729 559 735 644 Ι
753 557 1099 636 cantillantsooiarum,

15 647 17 672 Ι
303 666 346 728 Et
361 664 440 729 caeli
455 666 605 750 profugae
620 666 739 730 vallera
753 647 930 733 subuolant.

187 779 218 841 5.
259 777 355 840 Motu
367 775 496 860 pulcra!
519 781 587 840 avis
603 777 630 840 O
645 777 759 842 maris!
777 780 782 863 Ι
800 779 829 843 si
842 779 956 862 pennis
972 779 1115 844 amicirer

304 887 405 952 Clanis
419 887 558 972 ingenii;
581 893 659 966 tum,
672 889 768 973 jubar
781 889 930 968 mordens,
1103 976 1105 979 Ι

265 1003 308 1065 Te
322 1001 454 1065 ferocior
464 1000 626 1084 altiorque,
645 999 651 1082 Ι
669 1001 832 1085 explorare
841 1003 1011 1088 flagrarem

155 1095 158 1102 ¹
245 1125 248 1130 '
304 1112 490 1176 Pulcrarum
504 1112 642 1196 patriam
656 1118 689 1178 et
704 1112 847 1179 dulcium
861 1114 1044 1200 imaginum.

626 1375 739 1458 [49]

145 1573 172 1635 1.
218 1571 294 1634 Non
309 1575 347 1634 tu
361 1569 470 1634 littora
483 1591 540 1654 per
553 1571 650 1636 maris
667 1571 673 1654 Ι
690 1592 749 1636 nec
763 1593 821 1656 per
834 1578 933 1657 prata,
948 1573 1001 1638 val
1016 1572 1138 1656 amplos
1191 1615 1193 1619 ,

278 1659 281 1669 Ι
301 1681 438 1765 Campos
453 1681 588 1747 aureolis
603 1682 746 1748 sentibus
762 1683 888 1762 obsitos,

214 1793 255 1855 ln
270 1792 359 1877 queis
374 1794 509 1858 bombus
524 1815 622 1878 apum
637 1799 736 1873 sonat,
755 1796 761 1879 Ι
776 1796 938 1880 garritque
952 1801 1089 1880 attagen,
1105 1793 1190 1858 almb

301 1905 433 1969 Securos
448 1905 569 1970 animos
583 1903 707 1970 laeticia
722 1907 854 1986 fovens3

212 2018 245 2079 N
246 2038 281 2082 ec
296 2017 361 2101 qua
375 2022 559 2082 castaneum
573 2038 685 2082 namus
704 2016 709 2098 Ι
727 2016 795 2082 sive
810 2018 955 2082 aurantia
970 2019 1077 2082 fundit

300 2130 361 2193 Per
374 2129 464 2193 dium
478 2134 602 2194 teneros
615 2129 770 2194 lmciniaa
784 2151 886 2208 sonos,
990 2149 992 2152 ·

213 2242 282 2304 Aut
296 2241 442 2306 nibecula
455 2241 604 2326 parvulos
622 2239 627 2323 Ι
645 2241 808 2306 frondibus
822 2243 878 2326 pia
891 2241 992 2320 texit3

298 2353 366 2416 Nec
381 2351 445 2436 qua
458 2352 596 2418 hirundo
612 2358 701 2418 tenet
715 2354 775 2418 sub
790 2352 906 2438 tegulis
920 2352 1013 2417 laneis
1027 2376 1079 2432 3-

212 2465 357 2528 Inourres
373 2464 512 2548 aquilam
528 2464 635 2529 feram.
654 2469 659 2552 Ι
677 2465 776 2543 Heus,
791 2465 879 2542 heus,
896 2465 1142 2549 aspicemecum

177 2647 178 2650 Ι
298 2577 384 2654 Quas
398 2577 531 2659 praedas
547 2576 680 2660 aquilae,
696 2597 775 2660 quas
790 2576 929 2641 habeant
945 2575 1062 2641 domos.

137 2689 166 2749 2.
212 2687 287 2750 Huc
302 2686 441 2763 abscede,
456 2687 512 2751 ubi
526 2687 565 2752 de
578 2707 666 2753 mero
683 2687 689 2770 Ι
705 2688 865 2753 montium
878 2688 1042 2772 praeacuti

296 2798 482 2882 Diffissique
498 2799 603 2883 apices
618 2800 743 2865 aethere
758 2799 937 2885 promicant
949 2824 957 2880 3

212 2909 283 2988 Qua
296 2910 456 2975 confracta
470 2910 557 2976 dolet
570 2911 637 2976 situ
654 2910 659 2992 Ι
677 2912 819 2978 ablitaria
832 2911 936 2988 turris,

296 3021 462 3105 Tanquam
476 3022 645 3106 praeterito
661 3022 789 3088 condita
803 3023 917 3089 seculo.

211 3131 291 3210 Illic,
306 3137 374 3197 ater
387 3139 426 3197 ut
440 3138 509 3198 atra
522 3134 604 3212 Nor,
624 3132 629 3218 Ι
647 3155 772 3205 summo
785 3133 822 3198 in
835 3134 953 3199 vertice
969 3135 1078 3212 celsus,

295 3243 396 3308 Plena
409 3244 481 3310 luce
496 3245 612 3323 fruens,
626 3265 684 3310 rex
698 3245 788 3311 sedet
802 3245 923 3323 alitum,

210 3356 279 3420 Rex
292 3354 408 3420 horum
422 3355 549 3440 qubque
563 3353 743 3422 montium:
760 3356 766 3441 Ι
783 3377 860 3421 nam
874 3377 948 3422 cum
963 3358 1095 3443 conjuge
1110 3358 1197 3422 solus

296 3466 372 3533 Sola
386 3467 486 3552 pollet
499 3468 553 3547 ibi,
569 3468 725 3553 comparis
740 3468 869 3534 inscios.
896 3519 897 3524 1

210 3579 267 3656 En,
282 3579 388 3663 qualis
402 3579 498 3658 sedet,
513 3579 629 3644 intimi
645 3584 651 3667 Ι
668 3579 794 3646 nictans
807 3579 887 3658 luce,
903 3579 1038 3665 superbo

293 3692 425 3777 Rejecto
441 3691 551 3778 capite,
567 3696 664 3778 atque
679 3691 778 3758 ardua
792 3690 934 3778 suspicit.
