2864 4406
616 721 722 804 [66]

179 937 185 944 ’
257 949 286 1011 1.
329 945 464 1010 Termes
477 941 648 1028 praeteriit,
664 961 728 1026 quo
742 941 854 1006 Venus
868 959 964 1006 eures

371 1055 422 1120 Mt
435 1060 503 1122 rete
517 1053 620 1120 cordis
634 1054 750 1119 nexuit
761 1077 770 1135 ;

329 1164 465 1246 Quando
478 1164 656 1251 praeripuit
669 1185 794 1248 semper
808 1161 1111 1245 Amor-Amor,—

372 1278 519 1344 Mentem
533 1276 682 1361 diemque
696 1275 837 1341 somniis.

415 1388 536 1454 Forsan
550 1408 622 1472 spes
637 1407 721 1452 nove
734 1387 845 1452 floreat

415 1499 562 1580 Posthac,
577 1505 611 1565 et
623 1499 734 1565 veniet
747 1499 816 1565 dies

416 1605 540 1678 Luoens
554 1611 667 1677 mitius
682 1610 818 1692 simius3
848 1665 850 1669 ,

250 1795 251 1798 ¹
330 1725 377 1788 At
390 1744 466 1790 sene
480 1723 565 1788 nihil
578 1723 632 1788 hie
647 1722 780 1788 dimidio
794 1721 877 1787 mihi
1009 1805 1013 1810 Ι

373 1835 452 1900 Tem
465 1834 561 1902 melle
575 1835 708 1920 plenum
722 1835 850 1914 deferet,

331 1947 435 2026 Quium
448 1946 566 2020 mentis
581 1944 709 2030 speeies,
725 1965 805 2030 ques
819 1944 922 2012 oculis
935 1944 1015 2030 vigil

372 2061 474 2126 Amor
482 2059 620 2126 tenellus
636 2058 781 2124 somniat.
876 2133 878 2137 v

259 2173 289 2236 2.
334 2172 369 2236 Si
383 2171 467 2237 vatis
481 2169 578 2236 fuerit
591 2169 692 2254 glorie
705 2167 845 2234 sanctior
977 2166 979 2168 ’

373 2281 491 2348 Funoti
500 2282 673 2366 juventute
687 2279 801 2361 effer&

331 2393 367 2458 Si
381 2397 543 2459 oontmote
556 2392 645 2477 prius
659 2393 746 2458 frons
761 2389 954 2476 sapientium

375 2505 397 2570 J
398 2505 451 2576 tm
464 2503 541 2569 huie
555 2523 666 2569 serene
680 2501 820 2568 emiserit
834 2527 841 2566 :

416 2616 464 2681 At
477 2636 544 2680 non
558 2635 684 2681 summe
697 2613 876 2681 meridies¹¹¹¹

417 2726 543 2806 Laudis,
558 2727 651 2792 eorde
665 2727 726 2793 sub
739 2725 863 2803 intimo,

418 2839 554 2904 santam
567 2818 826 2916 lantramnus,

334 2948 463 3028 Quanti
475 2950 641 3036 personuit
654 2949 800 3016 femineis
815 2968 889 3014 suos

375 3060 499 3127 Primos
514 3081 635 3126 amores
650 3061 780 3126 auribus
793 3083 802 3142 3

322 3171 396 3254 ¹Ille
409 3177 518 3238 autem
532 3173 668 3248 erubuit,
684 3173 830 3238 versibus
844 3169 964 3236 infimis

377 3284 426 3364 Se,
440 3283 542 3350 solem
556 3289 703 3363 amntem,
719 3303 753 3348 se
768 3281 849 3348 oeni.

261 3397 290 3460 3.
335 3396 440 3474 Quem
453 3396 591 3482 primam
605 3395 744 3481 speeiem
757 3393 866 3479 pinxit
879 3394 981 3457 Am0r
996 3390 1094 3458 semel

377 3507 419 3571 In
435 3509 535 3588 eorde,
550 3528 639 3574 soora
652 3506 826 3592 permtnet.

260 3609 262 3612 ’
335 3619 425 3685 Haeo
439 3623 480 3700 et,
495 3619 664 3686 Praeteriti
677 3639 735 3704 per
747 3618 819 3684 loos
831 3615 979 3694 meroide,

377 3729 494 3816 Siquos
506 3729 711 3817 potissimim
723 3729 837 3808 virent,
1003 3730 1006 3740 “

210 3863 213 3874 “
286 3873 298 3901 *
333 3865 366 3916 So
377 3865 407 3916 in
423 3866 586 3932 “Englsnd's
597 3867 683 3919 Deod”
697 3865 798 3918 Imsire
808 3861 1060 3917 meridierfeminine.
