2848 4436
638 335 681 416 17

190 570 384 654 Duplieibus
398 567 514 652 pennis
527 567 642 651 pernix
654 592 662 647 ;
685 569 742 634 sed
755 573 868 634 venter
880 567 988 634 emere

276 683 430 746 Tenentur
444 682 606 746 ueternum
620 680 712 744 ferne.

189 794 277 858 Pone
291 793 432 870 trahunt,
446 811 579 856 nurnero
592 791 708 875 plures,
724 791 793 857 sine
807 792 871 858 fine
888 799 1032 858 catervae

276 905 366 968 Anni
379 901 541 968 famelicos
555 907 666 968 metus.

189 1015 264 1079 Non
279 1015 369 1092 Geta,
390 1012 615 1090 vandeliusve,
631 1018 688 1077 eut
702 1013 786 1078 nanis
799 1015 888 1098 prole
902 1016 998 1082 feroci

276 1125 393 1190 Hunni
407 1129 564 1190 senenses
579 1122 709 1202 fulvidi,

183 1240 327 1304 'Tantum
341 1256 525 1302 concussere
541 1234 670 1313 enimes,
686 1241 844 1318 qnantum
858 1237 910 1302 sle
922 1238 1064 1304 locustae

277 1348 421 1412 Stridens
436 1366 572 1430 superne
586 1345 718 1429 myrine„

137 1509 144 1523 .
190 1458 221 1520 Α
235 1458 366 1542 tesquis,
381 1458 506 1522 fervens
520 1453 639 1520 rabidis
655 1456 710 1520 ubi
723 1461 829 1540 turget
843 1479 939 1524 arena

272 1568 496 1653 leonibusque
509 1571 542 1631 et
555 1566 683 1651 viperis,

185 1680 331 1746 Diffusus
345 1682 439 1766 longe
453 1681 581 1768 lateque
595 1702 691 1766 super
703 1701 797 1760 mere,
814 1682 921 1748 Solem

272 1793 488 1858 Meridieuum
503 1793 702 1858 obnubilant.

187 1903 364 1968 Inveniunt
376 1925 453 1987 pree
467 1925 502 1969 se
516 1904 686 1970 Peredisea
699 1925 773 1968 rura
784 1928 793 1984 3
809 1904 1009 1988 relinquunt,

272 2013 418 2097 Sepone,
433 2014 542 2080 inanis
557 2014 671 2080 omniu

184 2125 257 2190 Hes
272 2147 376 2190 eorem
390 2126 514 2212 legione
529 2133 674 2205 tremens,
689 2127 809 2210 pallore
824 2126 955 2192 colonus

272 2237 442 2321 Correpnus
458 2239 579 2323 elingui
593 2244 701 2324 surpet
715 2264 723 2303 :

180 2347 225 2411 :Se
236 2347 420 2430 jaouantur
433 2349 520 2414 enim
534 2369 608 2414 cum
622 2349 664 2427 vi,
679 2349 817 2414 furiosus
833 2355 870 2413 ut
883 2349 974 2434 ignis,

222 2435 223 2444 ἵ
270 2460 473 2542 Messemqne
487 2458 645 2525 semihnru
658 2466 780 2526 vorens

181 2569 285 2633 Arbor
298 2570 386 2636 nude
400 2570 493 2650 dolet,
509 2571 634 2654 squalet
647 2571 765 2638 humus
779 2572 919 2652 herbida,
935 2579 1090 2655 tanquam

268 2681 396 2745 obtrita
408 2702 518 2766 gressu
532 2683 717 2766 praegravi:

180 2791 214 2854 N
214 2812 249 2856 ec
264 2792 434 2876 quisquam
448 2793 627 2878 impavidos
642 2795 749 2862 oeulos
764 2817 821 2862 rex
834 2799 979 2878 sustinet,
994 2799 1109 2863 harum

219 2967 222 2974 ,
269 2903 441 2970 Percussus
456 2904 597 2970 adventu
610 2905 714 2987 mrilo3

123 3093 127 3102 Ι
178 3013 315 3092 Gnarus,
330 3014 394 3080 tere
409 3015 469 3081 suli
482 3023 662 3082 monstrum
676 3039 743 3084 non
756 3019 870 3087 militis
885 3019 981 3086 ermis

266 3124 318 3188 De
332 3129 437 3209 segete
451 3147 614 3192 cessurum
629 3127 695 3206 sue,

182 3233 244 3298 Sed
257 3235 388 3302 victrice
402 3237 486 3302 ferne
500 3239 676 3327 grassarier,
699 3241 843 3327 undique
857 3241 960 3308 cultas

222 3346 318 3412 Ruris
332 3368 390 3432 per
404 3369 474 3414 orus
489 3351 652 3418 devorans.
870 3386 872 3392 ’

96 3458 134 3520 3.
181 3456 259 3521 Tem
273 3463 374 3525 tetrae
388 3481 427 3526 ac
439 3461 566 3527 validae
579 3463 718 3548 neptrici,
733 3464 794 3546 die,
809 3465 888 3552 quid
903 3467 1027 3533 obesses

222 3567 330 3636 Armis
344 3559 398 3636 vir
408 3569 539 3640 horrens
554 3574 662 3640 ferreis
674 3578 688 3641 ἓ

635 3702 656 3754 0
