2864 4406
619 347 689 414 189

246 573 274 637 5.
318 571 360 636 In
373 591 446 636 rure
460 571 551 636 flores
566 576 604 636 ut
617 571 746 637 sitiente
760 573 836 649 silo,

345 687 346 690 ’
360 682 413 748 Sie
427 682 595 748 Fezzinitu
607 683 666 748 ilos
680 683 771 768 perit,

315 773 534 860 Aburniumbe
548 814 614 859 non
627 794 780 860 redeunte
794 795 932 860 domum.

358 905 400 969 In
413 904 585 990 impiorum
602 904 723 990 (eheul)
737 906 823 990 jacet
905 937 907 940 ·

205 995 206 1006 ἵ
315 1014 440 1082 Tellure
454 1036 567 1100 eorpus
581 1015 706 1102 nobile3
728 1016 808 1082 vicit
821 1015 907 1083 enim

360 1125 472 1194 Telum
487 1149 608 1193 veneno
622 1128 800 1193 barbarum.

246 1239 273 1303 6.
317 1237 391 1304 Ant
412 1259 453 1304 ne
467 1238 644 1326 ignipultee
658 1239 765 1306 fidite}
787 1259 828 1305 ne
841 1237 964 1324 gladio!

359 1350 483 1435 Sagitta
494 1350 598 1418 vineit
608 1349 710 1437 impie
722 1375 731 1416 ε

316 1460 549 1530 Abucuumbes
564 1463 680 1528 oecldit
693 1463 749 1529 ille
762 1464 885 1529 bonus:

360 1573 516 1650 Quisnam
530 1575 646 1642 dehine
661 1595 789 1640 securus
805 1579 877 1640 eet?

601 1837 698 1921 [re]

247 2029 274 2092 1.
319 2029 466 2108 OMORS,
480 2035 621 2113 potentes
635 2029 790 2113 effugiens
806 2031 933 2096 oeulos!

317 2138 439 2225 Regina
451 2141 536 2205 vesti
549 2139 670 2224 pallide
683 2140 841 2205 Praeteriti
852 2145 860 2204 l

320 2251 404 2318 Tuos
418 2251 598 2336 triumphos
612 2251 684 2336 quis
699 2271 864 2320 numerare
879 2257 999 2335 quenti

359 2361 477 2426 Limite
491 2363 564 2447 quis
579 2363 725 2428 cohibere
741 2367 850 2426 certol

243 2475 273 2536 2.
318 2474 379 2540 Per
392 2480 425 2538 te
439 2474 565 2538 ruinam
580 2475 664 2540 eelea
677 2473 810 2538 trahunt
824 2474 924 2538 solia:
1046 2489 1048 2494 ’

317 2584 418 2650 Enseu
433 2584 491 2650 tul
503 2584 539 2649 vi
552 2591 738 2670 sceptraque
754 2585 957 2669 dispereunt:

318 2695 379 2760 Per
392 2701 426 2760 te
440 2696 560 2762 dereris
575 2697 757 2782 eorporibus
767 2697 902 2780 juvenen

361 2806 497 2872 Pulvere
512 2808 732 2873 dissoluuntur
746 2813 822 2884 etro,
900 2797 903 2803 ’

249 2918 277 2983 3.
324 2919 468 3003 Regnum
481 2919 517 2983 in
531 2921 692 3005 geleneenu
706 2920 932 3004 tebifieumque
946 2925 1038 2984 tuum

319 3029 461 3108 Terrena,
477 3035 634 3116 quotquot
648 3031 882 3116 splenduerant,
897 3032 1022 3096 abeunt.

319 3139 355 3206 Si
368 3139 448 3225 quid
461 3142 590 3206 venusti
604 3143 651 3220 ’st
665 3143 701 3205 vi
715 3142 824 3207 citiore
839 3143 931 3220 eadit,
967 3183 972 3188 -

361 3251 478 3316 Pectus
490 3257 525 3317 et
538 3251 709 3338 igniferum
723 3253 876 3318 dometur.

247 3363 276 3424 4.
321 3361 384 3428 Sed
397 3362 491 3427 illum
504 3362 540 3428 in
555 3364 662 3429 orbem
676 3385 742 3428 non
756 3370 814 3428 tun
827 3363 876 3428 vis
892 3363 979 3440 adiit,

320 3471 387 3536 Ubi
400 3473 559 3538 virescens
573 3473 721 3540 eleusine
735 3473 809 3538 tabe
824 3471 917 3538 decor
929 3497 936 3536 :

320 3581 439 3647 Rerum
452 3583 633 3649 abditarum
646 3588 760 3648 eoetere
773 3587 811 3648 tu
825 3571 962 3666 eupefun,

365 3693 407 3758 Te
421 3699 530 3760 temen
543 3694 679 3780 amplior
691 3700 798 3760 exstet
812 3694 913 3776 Unus.
