2896 4402
689 316 737 382 83

659 569 760 656 [33]

221 771 249 832 1.
293 768 363 832 er
378 767 411 830 N
412 787 453 830 ox
467 786 621 832 oceanum
636 786 694 831 suo
713 768 718 855 Ι
738 767 850 832 furtim
865 759 1009 832 obvolvit
1023 766 1143 832 amictu

291 878 397 963 urgeo,
412 861 595 963 languidius
610 877 662 943 ne
681 875 687 964 ι
707 878 878 944 decedente
892 879 1052 943 euentura

290 989 391 1052 Tarde
405 989 605 1073 progreditur
618 989 706 1072 pede,
727 986 732 1075 Ι
751 990 883 1054 collium
896 990 1009 1075 procul
1023 1009 1103 1065 orae,

292 1101 381 1176 Quae
395 1119 481 1163 nunc
495 1099 620 1164 66611116
633 1099 800 1182 prominet,
821 1100 825 1189 Ι
845 1102 1020 1166 obductura
1034 1101 1178 1164 tenebras
1193 1121 1201 1162 1

292 1213 401 1296 Atque
414 1210 502 1276 undd
515 1212 611 1301 viridi
625 1213 721 1276 maris
740 1212 746 1298 Ι
764 1213 823 1276 lux
837 1212 901 1296 qud
913 1212 1035 1297 pallida
1047 1213 1143 1276 lunae

290 1324 419 1388 Dormit
433 1325 468 1388 in
482 1325 625 1402 tremulis,
645 1323 650 1412 Ι
670 1346 763 1410 sopor
776 1324 828 1389 vel
841 1344 957 1388 navem
971 1345 1048 1388 suus
1062 1329 1160 1406 urget.

220 1443 248 1499 2.
293 1435 344 1498 En
358 1436 454 1500 cubat
467 1437 593 1502 Veneta
606 1440 688 1516 urbs,
704 1438 867 1523 maragtdo
882 1437 1061 1514 succincta;
1085 1436 1138 1500 sed
1155 1433 1210 1498 olli

292 1546 383 1611 Circa
396 1565 608 1614 marmoreum
623 1557 722 1634 caput
740 1549 745 1633 Ι
763 1550 865 1615 noctis
879 1550 1014 1636 ingemit
1028 1569 1112 1613 auru.

291 1658 341 1720 Ex
355 1656 430 1721 altis
444 1659 529 1723 oculi
542 1661 663 1725 micant
682 1660 687 1749 Ι
705 1663 886 1728 transennis
900 1663 1067 1738 radiantes,

291 1769 431 1834 Glariora
445 1770 537 1854 quasi
552 1775 636 1836 astra
650 1773 753 1836 fronte
772 1770 777 1859 Ι
796 1773 832 1836 in
845 1773 948 1838 noctis
962 1772 1136 1838 tenebrose.

241 1935 247 1946 .
293 1882 388 1946 Nunc
402 1881 438 1946 in
453 1883 596 1947 caenuled
608 1883 688 1948 ldvis
708 1882 713 1971 Ι
732 1885 829 1949 saltat
843 1887 955 1968 cymba
969 1885 1094 1969 palude,

290 1997 333 2059 Et
346 1996 427 2061 remi
441 1995 556 2059 celeres
570 1995 630 2058 sub
645 1991 690 2083 61Ι
695 1994 810 2079 genten
822 1995 895 2059 luce
909 2001 1083 2060 coruscent.

292 2106 474 2171 illabuntur
488 2104 571 2189 aqud
584 2104 655 2169 soni
674 2101 679 2190 Ι
698 2105 738 2168 (16
752 2104 912 2168 testudine
927 2104 1054 2182 dulces3

291 2195 387 2280 neno
400 2214 542 2280 letitiae
552 2215 696 2300 jusque
715 2214 720 2300 Ι
739 2214 967 2279 neelamites
980 2215 1076 2279 nuo.

290 2329 375 2394 Talis
389 2329 460 2394 visa
474 2329 584 2413 procul
599 2349 655 2394 suo
670 2329 706 2392 in
724 2327 730 2414 Ι
748 2329 850 2392 fluctu
864 2326 949 2390 clarc
966 2327 1160 2401 recumbens,
1241 2352 1244 2363 ·

253 2437 255 2444 ’
290 2441 392 2506 Terris
407 2442 482 2507 urbs
497 2443 621 2506 Veneta
636 2441 767 2517 annitet,
787 2438 792 2526 Ι
812 2440 977 2523 delapsum
992 2438 1082 2502 velut
1096 2444 1225 2501 nstrum.

649 2637 760 2722 [34]

176 2790 204 2850 1.
249 2785 342 2851 Terret
355 2785 459 2850 millia
472 2785 562 2850 mille
575 2805 633 2850 nos
653 2783 658 2873 Ι
677 2785 833 2870 disjungit
846 2805 932 2850 mare
947 2806 1105 2869 magnum,

248 2899 347 2982 Cujus
361 2898 396 2961 in
410 2898 546 2983 strepitu
559 2897 643 2962 truci
661 2895 666 2984 Ι
684 2898 913 2962 resultantibus
926 2897 1021 2960 undis

233 3008 445 3096 *volutamur
460 3008 511 3073 uiti
524 3008 614 3073 nives
633 3006 639 3093 Ι
659 3007 839 3072 colludente
853 3007 998 3092 procellat

246 3119 327 3184 Vela
341 3119 505 3186 dissiliunt
518 3120 591 3199 fero,
612 3118 616 3206 Ι
636 3126 790 3204 tanquam
805 3121 965 3197 stramina,
980 3127 1095 3200 vento;

246 3233 477 3317 Medorumque,
493 3237 530 3296 ut
545 3232 745 3310 arundinum,
766 3230 771 3319 Ι
789 3232 840 3297 vis
853 3234 981 3297 robusta
996 3233 1147 3296 vibratur.

248 3344 419 3408 Ancoralia
431 3344 574 3409 maxima
593 3342 598 3431 Ι
617 3345 797 3428 ferreaeque
811 3350 947 3420 catenae,

152 3461 156 3468 '
248 3455 298 3532 Et,
313 3457 410 3519 robur
424 3456 669 3541 supereminens,
690 3453 695 3543 Ι
714 3476 865 3540 compago
879 3455 978 3521 trabis
992 3457 1075 3520 imae

248 3566 390 3644 Laborat,
406 3567 548 3652 crepitat,
562 3566 682 3652 gemit:
701 3565 707 3652 Ι
726 3567 856 3630 tandem
871 3575 904 3632 et
918 3589 1013 3633 saxea
1026 3571 1122 3635 vireis

246 3679 327 3742 Sues
342 3677 437 3754 corda
449 3679 645 3755 renunciant,
665 3675 671 3764 Ι
689 3677 867 3756 videvicts,
889 3681 1046 3764 superbas.
