2848 4436
187 656 273 720 Nam
288 677 344 738 pro
359 661 459 720 matre
474 656 539 720 fure
551 660 627 745 suns
636 671 648 722 ⁴:
671 659 789 743 quippe
808 664 857 726 est
870 662 951 726 mihi
965 671 1074 743 mater,

273 765 358 828 Nbbo
373 771 503 848 patente
517 767 553 830 in
568 788 709 852 aequore.

113 879 143 940 5.
190 875 353 940 Albebanb
367 875 488 954 fluctus,
502 877 561 942 iux
576 879 735 944 matutina
748 881 882 946 rubebat

272 992 306 1054 N
307 991 444 1055 utalibus
460 988 563 1053 oriens
578 989 658 1052 meis
671 1013 679 1068 3

184 1102 293 1166 Aurea
307 1100 452 1185 delphini
467 1100 545 1164 dum
559 1099 684 1163 nudant
698 1105 792 1184 terga,
808 1101 946 1186 remugit

273 1213 420 1289 Bblaena,
435 1208 574 1295 porcus†
589 1231 622 1274 se
636 1215 727 1274 rotae.

186 1325 262 1387 Non
277 1324 355 1388 aliis
369 1328 479 1386 bantus
495 1321 647 1404 strepitus
662 1321 767 1404 quatit·
781 1322 916 1402 aethera,
932 1331 1071 1407 quantus

272 1438 305 1500 N
306 1440 432 1500 aseente
446 1433 513 1498 filio
527 1432 631 1497 maris.

108 1553 138 1613 [5.
185 1548 271 1610 Exin
286 1545 478 1629 tranquillus
493 1544 649 1628 nubebus,
664 1542 775 1606 navita
789 1543 860 1628 degi

271 1660 392 1722 Decem
406 1679 463 1741 per
477 1677 577 1720 annos
592 1655 770 1739 quinquies,

184 1772 255 1834 Aub
268 1773 396 1853 peregre
409 1770 493 1853 potis
507 1769 553 1832 ire
568 1774 624 1832 aut
639 1789 691 1832 aes
705 1768 890 1853 expendere,
905 1771 1006 1835 vitam

273 1881 401 1944 Mutare
415 1901 581 1964 nunquam
595 1879 713 1963 pertuli
728 1905 734 1944 :

184 1995 254 2058 Nec
268 2013 319 2056 me
335 1990 482 2074 surripiet
503 1993 592 2056 Mors
607 1991 684 2075 ipse,
699 1992 812 2056 nisiin
825 2012 912 2057 mure
925 1993 1030 2072 vadet,
1098 2049 1099 2054 ,

273 2107 410 2168 Oursure
423 2123 479 2186 per
492 2103 606 2198 fiuub‘rs
620 2123 724 2186 vagos.

615 2299 690 2382 [9]

157 2525 187 2586 1.
233 2523 395 2586 Suneirui
417 2541 473 2604 per
486 2519 587 2583 marie
600 2519 798 2582 incursemus
815 2523 949 2602 magna!
993 2519 1107 2586 Sedere

215 2629 217 2632 ’
320 2633 385 2697 Cur
399 2632 515 2695 otiosos
529 2630 581 2693 hie
593 2631 709 2712 juvat?

231 2745 349 2808 Sanum
363 2743 614 2823 concinnamque
628 2740 710 2802 mihi
720 2741 788 2824 jam
803 2740 945 2824 quaerite
959 2762 1083 2820 navem,

319 2857 406 2932 Quae
421 2853 551 2938 pelagus
566 2853 732 2917 Arabicum
745 2853 836 2936 petit,

156 2973 188 3034 2.
233 2968 371 3032 Lumine
384 2987 460 3030 nam
474 2970 615 3048 spectare
629 2965 728 3029 uelim
742 2965 893 3042 Boreulia,
910 2967 989 3032 caeli

319 3077 434 3142 Procul
448 3076 621 3160 stupendas
636 3082 723 3140 trans
738 3075 817 3153 vias,

233 3194 329 3268 Quae,
344 3190 434 3253 velut
448 3187 589 3272 igniferis
604 3187 755 3252 animalia
769 3174 899 3253 consite¹
910 3190 1027 3274 pinnis,

319 3300 492 3386 Splendore
505 3298 643 3363 volitant
657 3299 776 3363 mobili.

155 3417 187 3480 3.
234 3411 397 3499 Ingenteis
413 3431 490 3474 aveo
505 3409 642 3474 monieis
657 3415 798 3493 spectare
812 3409 941 3494 gelatos,

321 3522 427 3605 Caput
441 3525 604 3584 coronatos
620 3519 702 3595 nive,

234 3636 378 3712 Quorum
393 3633 488 3726 stirps
502 3631 652 3708 viridans,
668 3631 813 3696 ducentis
830 3633 967 3716 amplius
981 3633 1075 3711 ulnis,

320 3745 437 3826 Torpeb
450 3743 510 3806 sub
525 3741 680 3806 horrendo
694 3741 782 3804 mari.

457 3909 470 3948 ÷
499 3893 596 3942 Porcus
606 3891 729 3950 murinus,
737 3893 860 3955 porpoire.
