2896 4402
637 367 706 434 113

330 596 354 661 J
354 615 408 660 am
421 615 511 660 rosae
524 595 670 680 neglecta
682 599 817 680 vagatur
831 617 907 661 aura
920 621 928 660 :

376 708 569 772 Consertura
581 728 697 773 manus
710 707 848 774 recessit.

329 819 353 882 J
354 838 406 883 am
417 820 528 903 jacent
538 817 701 903 incognita
716 819 799 883 dona
812 817 915 898 vatis3

375 930 551 994 Oantatura
563 927 680 994 labella
694 929 817 994 desunt.

258 1043 288 1108 2.
331 1039 399 1106 Ver
411 1046 518 1125 potest
532 1041 685 1119 frondere,
701 1042 757 1106 sed
771 1041 854 1106 hane
869 1045 1009 1106 amatam

374 1151 552 1237 Nunquam
566 1151 690 1218 deliciis
705 1152 834 1218 fovebit.
1003 1235 1005 1238 Ι

288 1261 290 1266 ’
330 1263 428 1342 Hora,
444 1285 525 1348 quae
540 1263 702 1348 quondam
715 1284 887 1349 properans
903 1263 1021 1342 abibat,

375 1375 451 1440 Non
462 1376 531 1459 jam
545 1395 580 1440 se
593 1365 758 1460 praehibet
772 1374 941 1439 volueram.

332 1487 428 1552 Hane
441 1507 548 1571 prope,
564 1507 667 1552 annus
681 1487 783 1552 instar
797 1492 865 1551 erat
880 1487 963 1567 diei;

375 1597 455 1664 Dies
469 1598 518 1663 nil
531 1598 602 1676 fuit,
616 1596 678 1664 hae
692 1603 850 1663 manente.

331 1709 431 1794 Virgo
445 1730 505 1774 nee
519 1709 664 1774 festivior
677 1716 726 1775 est
739 1715 852 1788 ereata,

374 1821 409 1885 N
408 1841 444 1886 ec
457 1821 570 1887 fletum
584 1821 661 1886 tulit
676 1821 847 1887 almiorem.

614 2084 718 2168 ’[48]

174 2283 204 2346 1.
249 2278 378 2346 Ovasti
391 2277 527 2346 volneris
542 2279 648 2357 maris,
666 2277 671 2361 Ι
689 2300 779 2363 quae,
794 2278 985 2363 pulcerrima
999 2284 1100 2360 motu,

288 2390 395 2458 Velox
408 2391 493 2457 inter
506 2391 597 2476 agros
612 2396 645 2456 et
658 2412 746 2456 mare
761 2411 918 2455 oommeas
930 2414 938 2470 ;

251 2503 338 2569 Tuae
351 2524 447 2588 saepe
460 2503 543 2568 mihi
557 2502 671 2568 domus
689 2505 694 2582 Ι
713 2503 896 2567 obversatur
910 2501 1022 2586 image,

193 2657 195 2664 ›
289 2615 394 2680 Pullis
409 2635 482 2680 cara
494 2614 568 2693 tuis,
583 2635 643 2679 nee
656 2613 739 2678 mihi
754 2635 820 2679 non
833 2613 971 2697 placens.

176 2729 206 2792 2.
250 2727 308 2804 Tu,
322 2725 458 2791 candore
471 2745 559 2790 mero
573 2730 688 2804 nitens,
707 2723 712 2806 Ι
730 2725 906 2790 errabunda
919 2724 1039 2802 volatu,

272 2870 281 2910 ι
295 2837 358 2902 Per
372 2837 508 2902 densum
521 2835 629 2902 fluitas
645 2837 773 2902 aethera
786 2835 903 2916 ubera

252 2950 380 3034 Gymve
395 2949 545 3014 absiliens
559 2969 648 3033 vago,
667 2946 673 3028 Ι
689 2947 912 3032 efiaubansque
926 2947 962 3011 in
975 2951 1131 3032 tomestem

291 3060 420 3125 Ludunr
433 3059 623 3145 praecipitas,
640 3081 693 3124 eor
706 3060 788 3124 mihi
803 3060 970 3125 fascinans.

179 3174 209 3238 3.
253 3171 307 3250 Te,
322 3178 491 3257 spumante
506 3171 581 3250 salo,
596 3170 655 3236 eus
672 3170 788 3256 [longe
803 3191 821 3235 a
835 3171 909 3236 sede
922 3176 1078 3236 remotam

292 3284 474 3350 Prateneeis
489 3283 530 3349 ad
546 3303 652 3367 aquas,
669 3283 729 3348 sub
743 3302 871 3347 nemore
886 3281 1036 3362 abditam,

253 3393 389 3480 Septum
402 3401 490 3460 trans
505 3395 584 3459 rude
598 3393 740 3478 ligneum
758 3392 764 3475 Ι
781 3393 944 3472 scandens,
960 3414 1054 3478 saepe
1068 3393 1189 3471 tuebar,

294 3507 398 3573 Corvo
412 3526 513 3590 quum
528 3524 658 3590 cuperes
672 3503 782 3569 ludere
798 3525 871 3569 eum
886 3508 981 3589 nigro,
1070 3493 1072 3498 ’

177 3617 208 3685 4.
253 3618 298 3685 Et
310 3617 382 3682 vidi
395 3617 526 3682 niveam
539 3621 642 3694 tuum,
660 3617 666 3702 Ι
683 3619 771 3680 stans
786 3615 821 3679 in
834 3613 950 3693 littore,
965 3615 1088 3700 prolem

294 3729 452 3796 Praedam
467 3729 577 3796 subter
592 3726 684 3812 aquis
699 3747 848 3812 quaerere
861 3725 1027 3812 limpidis:

663 3853 688 3904 Η
