2896 4402
655 297 712 410 97·

313 533 343 596 4.
387 530 497 614 Atque
511 536 549 594 ut
563 552 620 616 per
634 552 720 596 mare
734 531 862 598 navitae
981 535 984 542 '

383 641 549 726 Frigidum
563 663 718 706 memores
727 625 819 706 'viam

385 752 598 817 conscribunt
611 752 749 832 dubiam,
765 773 822 818 suo

428 850 530 928 Ducti
544 863 646 928 sidere
662 885 776 929 caeco:
875 853 878 858 ¹

385 974 446 1053 Sic,
462 996 543 1058 quae
559 975 754 1041 condiderim
768 973 858 1053 libro,

384 1086 513 1164 Dicant,
529 1085 626 1170 quam
640 1086 756 1151 validis
770 1086 854 1151 ferar

386 1198 519 1278 Ventis;
541 1198 620 1262 dum
634 1218 691 1282 per
704 1217 803 1282 opaca
816 1202 855 1262 tu

429 1309 522 1376 Olam
535 1309 649 1394 praeis,
663 1309 754 1374 velut
769 1314 898 1374 astrum.

621 1572 736 1655 [40]

141 1768 169 1829 1.
215 1767 353 1830 Osinium
367 1786 563 1851 purpureum
577 1765 667 1845 nitet,
687 1765 693 1853 Ι
712 1767 790 1832 dum
805 1767 923 1834 dormit
936 1789 1008 1835 mec
1022 1787 1102 1856 cara,
1150 1757 1152 1762 ¹
1172 1755 1174 1760 ¹

214 1877 314 1960 Cujus
330 1875 414 1940 elma
427 1881 534 1940 torum
548 1877 660 1942 fovens
678 1875 685 1965 Ι
704 1862 920 1960 ροιηοέΙιιηα
934 1879 1079 1964 quiescit.
1211 1871 1214 1878 ’

213 1988 309 2052 Lenis
323 1991 419 2052 aura!
439 2008 497 2072 per
511 1988 644 2066 arbores,
664 1985 669 2075 Ι
688 1988 767 2052 dum
781 1989 899 2054 dormit
911 2011 984 2054 mea
1012 2009 1092 2066 cara,

212 2099 342 2166 leniter
355 2121 503 2165 numems
517 2121 621 2185 reper—
640 2097 645 2188 Ι
665 2121 780 2179 cussos,
796 2105 891 2166 aura!
912 2121 1000 2168 meos
1013 2101 1103 2176 veho,

385 2211 581 2278 oblectatura
595 2201 747 2297 soporem.

142 2441 170 2500 2.
216 2437 251 2501 Si
264 2457 330 2513 vos,
345 2435 505 2500 carminat
525 2441 655 2521 propter
668 2437 752 2500 hano
771 2434 776 2526 Ι
795 2455 878 2522 ques
892 2433 1048 2522 spirantia
1061 2439 1190 2513 texo,-

214 2548 251 2612 Si
265 2547 389 2612 ciebitis
405 2568 422 2612 e
437 2567 555 2632 sopore,
575 2545 581 2635 Ι
601 2547 704 2613 omnia
715 2548 807 2614 corde
822 2547 945 2614 dolebo.

213 2657 304 2722 Aura
317 2658 471 2742 insurgite
485 2657 644 2744 languida,
664 2656 669 2745 Ι
688 2658 824 2744 illasque
838 2659 956 2724 intrate
970 2659 1132 2724 fenestrae.

215 2769 293 2834 illas
307 2769 427 2834 vincite
441 2769 595 2854 populos:
614 2767 619 2858 Ι
638 2790 758 2848 verum,
780 2776 818 2836 ut
831 2771 967 2838 bombus
982 2789 1080 2855 apum
1093 2768 1212 2855 procul,

385 2880 454 2946 leni
466 2881 542 2945 flete
557 2902 678 2946 canore.

142 3109 171 3169 3.
216 3105 259 3168 ln
274 3103 360 3168 caelo
373 3104 508 3168 rutilant
522 3085 619 3188 supra
637 3101 643 3191 Ι
663 3106 779 3169 cuncta
793 3107 851 3168 ent
872 3108 958 3169 astra
971 3103 1126 3188 superbo:

216 3216 342 3278 norum
356 3199 470 3281 mrsu
478 3215 633 3300 imagines
652 3213 658 3302 Ι
675 3215 764 3281 renco
778 3215 814 3278 sn
828 3215 960 3280 flumine
974 3214 1106 3300 fulgent.

170 3397 179 3418 Ι
215 3326 310 3391 Lenis
325 3331 420 3392 aura!
441 3346 543 3404 move,
557 3346 658 3404 move,
679 3323 684 3414 Ι
703 3347 763 3392 nec
777 3327 896 3393 nubem
910 3326 999 3403 rahe
1015 3345 1088 3390 ocra
1158 3315 1162 3323 ’

218 3436 311 3501 Clara
324 3436 449 3530 lumina
463 3436 647 3501 conditum:
666 3433 672 3524 Ι
690 3457 750 3501 nec
765 3437 862 3502 Zarac
877 3436 963 3522 cripe
977 3433 1146 3512 somnium,

389 3553 544 3634 tanquam
558 3549 663 3615 sidera
677 3549 806 3616 clarum.
854 3551 855 3558 '

664 3789 688 3839 o
805 3760 808 3767 .
