2896 4402
662 285 730 392 119

283 555 312 618 2.
355 553 472 619 Vultus
487 553 644 638 virgineos
659 553 712 618 hlc
728 574 784 638 ego
799 553 962 618 amabileis

397 666 482 743 Vidi,
498 666 619 730 sidereo
633 665 800 730 micanteis

353 778 497 856 Obtutu;
519 775 630 841 teneri
644 782 677 841 et
690 797 776 853 voce,
790 776 881 841 velut
895 776 954 841 sut

397 890 482 953 Fons
496 889 533 951 in
545 889 617 953 luce
632 889 731 973 gemit
746 909 921 953 coruscans,

354 1000 402 1064 At
415 1021 481 1064 non
495 1005 660 1083 tantopere
674 1000 734 1064 hae
748 999 905 1064 laetitiam
918 1000 1046 1075 dabant,

399 1114 561 1190 Quantam
576 1117 620 1189 tu,
636 1111 717 1176 mihi
732 1113 905 1176 contuenti.

355 1224 421 1290 Iris
432 1224 619 1290 suaveolens
634 1223 748 1301 albida,
764 1223 921 1288 dormias!

283 1337 312 1400 3.
356 1336 415 1413 Ne,
432 1336 578 1419 captiva!
600 1335 683 1412 fleas,
699 1337 775 1400 orba
788 1333 865 1400 licet
878 1336 963 1414 tuis;

397 1449 431 1511 N
432 1469 467 1512 ec
481 1448 588 1532 lugere
604 1448 694 1512 decet
707 1449 825 1523 beatos,

353 1558 447 1623 Albis
463 1559 582 1623 Oceani
597 1564 754 1643 quotquot
768 1559 803 1622 in
820 1559 940 1624 insidis

396 1671 512 1744 Manes
527 1669 703 1734 exsulitant
719 1676 856 1735 tuorum.

355 1782 485 1860 Qualeis
500 1802 572 1846 cara
585 1782 646 1845 tibi
660 1781 783 1846 somnia
798 1781 877 1845 dant
891 1787 971 1859 tuoe,

398 1893 483 1956 Talis
498 1899 536 1956 tu
549 1892 687 1956 radiabis
701 1891 775 1957 illis.
877 1980 879 1984 ι

273 1981 276 1990 ’
356 2004 418 2068 Iris
432 2003 619 2068 suaveolens
634 2003 747 2080 albida,
764 2001 901 2067 dormias
914 2008 921 2066 t

282 2116 312 2178 4.
356 2117 466 2180 Frater
478 2115 673 2180 moestitiam
687 2114 809 2198 spernit
824 2120 915 2178 atrox
929 2135 1028 2191 meus

397 2227 555 2292 Bellatore
570 2227 676 2291 animo
691 2228 845 2310 superbus
859 2250 866 2305 ;

354 2337 431 2415 Nec,
447 2339 504 2422 qui
519 2338 669 2403 terribilis
683 2337 796 2421 proelia
812 2337 955 2414 conserit,

396 2451 519 2514 Perfert
533 2449 703 2532 imperium
717 2448 850 2532 puellae.

355 2562 397 2625 In
410 2562 525 2639 nostre,
540 2561 652 2645 procul
665 2561 748 2638 hino,
764 2566 802 2624 tu
816 2559 921 2644 paitrib
935 2565 1042 2624 tamen

397 2672 470 2738 Hoc
484 2674 544 2737 sub
558 2681 685 2756 pectore
698 2672 898 2757 germinabis.

355 2784 416 2850 Iris
431 2784 616 2849 suaveolens
632 2784 745 2862 albida,
761 2783 917 2848 dormias!

634 3045 740 3130 [51]

325 3244 354 3306 1.
399 3241 547 3321 Qudnam
561 3263 675 3326 spruna
689 3240 769 3305 abiit
783 3241 887 3317 maris,

224 3353 313 3432 Quae
327 3353 421 3418 modo
437 3353 544 3418 albida
558 3354 594 3416 in
609 3353 710 3416 aureis
730 3349 735 3438 l
754 3351 923 3416 interluxit
938 3353 1065 3416 aronis?

226 3463 361 3542 Quando
376 3465 512 3548 desuper
525 3463 646 3548 ingruit
665 3461 669 3550 Ι
688 3483 838 3546 praeceps
853 3464 940 3527 unda
954 3463 1141 3548 nigrescens,

396 3575 518 3659 Spuma
531 3575 652 3640 mbram
666 3575 735 3657 pati
749 3574 908 3657 nequibat,

397 3687 511 3770 Mique
526 3685 657 3751 evanuit
671 3684 818 3750 intuenti.
