2864 4406
616 349 686 430 145

105 575 137 646 5.
181 576 311 665 Magnis
325 577 442 644 resolvi
455 577 564 643 fluviis
583 576 588 664 Ι
607 576 813 660 fontibusque
829 577 974 638 outonem
987 592 996 649 ;

177 689 248 756 En!
269 695 454 776 angenteum
468 709 600 775 propere
619 686 624 777 Ι
642 692 742 752 ruunt
757 686 797 750 ad
812 684 908 749 meris
923 697 1046 766 aequor.

178 799 344 866 Montium
358 800 398 866 de
411 802 585 868 verticibus
604 799 610 889 Ι
629 800 856 885 splendescunt
870 797 1061 867 resonantes,

179 910 341 979 Silvarum
355 934 451 998 super
465 913 549 979 foliis
569 911 575 1002 Ι
593 913 673 978 flent
688 910 852 996 aspergine
865 906 957 972 molli
969 929 977 985 ;

178 1022 231 1089 Ex
244 1024 345 1090 antris
358 1045 435 1090 saxo
448 1025 560 1090 vitreis
579 1023 584 1111 Ι
603 1024 767 1090 exsultant
777 1017 953 1105 juveniles,

177 1133 222 1200 Et
233 1135 442 1220 gaudentium
457 1135 593 1220 strepitu
612 1133 618 1224 Ι
636 1135 732 1202 tellus
746 1134 848 1200 tinnit
861 1150 1023 1217 uquarum.

105 1357 136 1430 6.
178 1357 284 1436 Exite,
298 1359 393 1438 exite,
408 1361 436 1424 Ο
451 1359 550 1446 puni,
569 1357 575 1448 Ι
594 1363 753 1444 quotquot
765 1357 882 1444 gaudia
896 1354 1024 1420 norint:

177 1470 301 1550 Vestro,
315 1471 380 1556 qut
394 1473 513 1537 cubant
526 1471 638 1551 violae,
658 1469 663 1558 Ι
683 1470 796 1538 domus
809 1490 897 1535 nuno
912 1472 1009 1551 queat
1022 1484 1098 1530 esse.

175 1581 214 1648 Si
227 1581 282 1648 cui
294 1587 404 1648 rorant
416 1583 489 1648 luce
504 1583 597 1662 oculi,
616 1581 622 1671 Ι
642 1583 710 1649 sive
724 1583 814 1648 halat
827 1601 899 1646 rose
911 1578 1017 1655 labris,

175 1693 254 1763 Sive
265 1701 392 1780 pessus
407 1695 591 1776 exsiliunt,
611 1693 617 1783 Ι
635 1717 688 1761 me
701 1695 876 1781 procurrite
891 1715 1004 1760 eornm.

174 1804 260 1874 cum
273 1807 375 1885 sertis,
389 1827 514 1874 necnon
527 1808 641 1874 fidium
659 1805 665 1895 Ι
685 1813 782 1874 contu
795 1815 829 1874 et
843 1807 982 1874 carmine
995 1805 1087 1880 laeto,

174 1916 228 1986 Ad
242 1917 319 1986 solie
332 1921 441 1986 venite
451 1920 568 2005 juber:
587 1918 592 2008 Ι
610 1942 676 1986 non
690 1942 773 2006 queo
787 1939 956 1986 remanere.

104 2142 133 2214 7.
175 2141 274 2210 Exite
287 2142 382 2210 tectis
395 2143 564 2208 hominum
583 2140 589 2231 Ι
608 2142 684 2208 euni
698 2143 950 2210 demorienttim:

173 2255 290 2341 Aquae
302 2253 340 2318 in
353 2255 492 2321 convelli
505 2274 672 2320 nemorum
690 2253 696 2343 Ι
714 2247 814 2341 ve'gae
828 2256 955 2342 quique
968 2258 1118 2326 relucent.

172 2364 272 2434 Exite
286 2366 385 2451 septis
400 2366 555 2432 domuum
574 2364 579 2455 Ι
597 2367 715 2432 morosi
728 2389 749 2432 a
761 2366 838 2433 laris
852 2368 925 2454 igne
938 2393 946 2450 ;

88 2569 90 2572 Ι
174 2477 311 2558 Gaudio,
325 2481 386 2544 eni
407 2479 540 2563 perflate
553 2499 637 2544 novo
656 2476 662 2567 Ι
681 2479 778 2545 saltet
791 2481 879 2546 frons
889 2482 1059 2565 juvenaliu

173 2586 220 2656 Et
232 2587 356 2674 palmes
370 2609 481 2654 sonoro
494 2588 576 2656 levis
595 2587 601 2677 Ι
619 2589 759 2656 silvestni
773 2591 883 2656 tremit
896 2591 1005 2674 intus;

173 2699 335 2769 «Inventus
348 2699 435 2766 enim
449 2699 561 2767 viridis
580 2697 586 2789 Ι
604 2706 750 2790 ρθῑῑιςωὺ
763 2723 835 2770 mea
848 2725 953 2790 regna.
