2848 4436
258 891 285 963 O
302 897 398 982 quam
414 918 485 962 cara
499 897 580 960 milii
595 897 672 960 hora
685 896 824 972 revertit,
840 895 904 979 qua
917 897 1051 959 moritur
1065 897 1124 961 lux

299 1010 372 1086 Dia,
387 1008 530 1090 marique
546 1008 659 1072 ardens
674 1007 722 1071 sol
735 1007 838 1090 liquet
852 1008 888 1070 in
902 1008 1007 1072 tacito.

257 1121 346 1193 Tunc
361 1119 401 1183 de
415 1118 593 1202 praeteritis
607 1117 786 1202 gratissima
801 1119 923 1182 somnia
938 1125 1080 1203 surgunt,

300 1231 509 1313 Suspiratque
522 1229 584 1292 tibi
598 1249 727 1312 vespere
743 1250 818 1293 cura
831 1251 959 1294 memor.

256 1343 299 1405 Et
313 1342 391 1405 dum
406 1346 563 1417 contueor,
578 1346 616 1403 ut
630 1340 737 1404 lucida
750 1339 836 1404 linea
849 1341 987 1405 mollem·

300 1451 512 1516 Praeterludit
526 1472 649 1534 aquam,
666 1451 729 1534 qua
740 1452 835 1534 juber
849 1453 938 1516 ardet
952 1454 1063 1530 adhuc,

255 1566 363 1628 Aurea
376 1585 429 1628 me
444 1563 571 1648 stringit
592 1563 752 1627 radiorum
767 1564 887 1641 semita,
902 1570 1057 1648 tanquam

298 1677 361 1760 Spe
375 1677 449 1744 beet
463 1675 606 1740 alliciens
621 1675 727 1742 insula
742 1675 825 1740 clara
839 1676 930 1741 retro.

639 2019 716 2101 [3]

157 2241 188 2301 1.
233 2239 373 2302 Morsus
387 2239 455 2302 dies
469 2237 615 2302 tenebras
630 2244 663 2302 et
677 2237 776 2320 frigus
791 2242 952 2320 procreat:
974 2237 1077 2301 imber

273 2351 296 2413 J
297 2337 356 2412 am'
364 2349 457 2426 cadit,
473 2354 506 2412 et
520 2353 616 2412 vento
631 2348 680 2412 vis
695 2369 779 2411 nova
796 2368 920 2430 semper
935 2347 1031 2412 adest.

230 2461 316 2526 Vitis
331 2460 436 2524 adhuc
452 2465 578 2543 septum
593 2457 815 2542 complectitur
829 2463 916 2522 arcta
929 2447 1101 2535 labascena

230 2573 277 2635 At
291 2572 368 2636 folia
382 2570 558 2654 inspirante
573 2570 692 2635 cadunt
707 2569 872 2634 demortua
885 2575 981 2634 vento
997 2594 1003 2633 ι

274 2684 416 2748 Solvitur
429 2683 465 2746 in
480 2683 625 2748 tenebras
640 2681 867 2766 tristitiamque
882 2682 957 2746 dies.

151 2797 184 2859 2.
229 2794 340 2860 Tristis
354 2796 423 2860 vita
436 2795 510 2880 gelu
525 2817 561 2860 ac
575 2796 720 2860 tenebras
735 2814 806 2859 mea
820 2801 963 2879 procreat
978 2820 984 2858 :
1007 2795 1108 2859 imber

272 2899 322 2970 Mi
338 2907 431 2983 eadit,
447 2912 479 2971 et
493 2897 590 2971 vento
605 2907 653 2970 vis
669 2927 752 2970 nova
766 2927 890 2990 semper
904 2907 1001 2971 adest.

229 3020 324 3082 Meus
338 3039 410 3083 mea
424 3019 626 3083 Praeteritum
641 3019 863 3102 complectitur
878 3024 964 3083 arcta
977 3019 1148 3095 labascena

229 3130 276 3192 At
290 3130 349 3193 sub
364 3129 492 3194 flamine
507 3131 615 3194 crebra
631 3129 716 3194 cadit
731 3149 803 3212 spes
818 3151 890 3194 cara
900 3131 1063 3212 juventae:

272 3240 451 3304 Miscentur
464 3241 603 3305 tenebris
618 3240 812 3323 tristitiaque
828 3241 903 3304 dies

150 3353 184 3415 3.
232 3351 319 3428 Quin
332 3357 377 3428 tir,
393 3357 505 3436 pectus
520 3353 618 3428 atrox,
641 3351 840 3434 requiesces?
862 3351 955 3428 mitte
970 3351 1150 3435 quereiam:

270 3463 358 3527 Pone
373 3464 492 3527 etenim
507 3465 620 3528 nubeis
635 3463 683 3527 sol
698 3464 796 3528 etiam
809 3463 920 3528 radiat.

229 3575 425 3638 Cunctorum
439 3581 496 3638 tua
510 3596 577 3640 sors
592 3582 641 3640 est
656 3597 722 3639 sors
737 3576 922 3654 communis,
939 3575 1070 3660 opinor;

226 3684 327 3761 *Queis
341 3686 533 3769 quandoque
547 3687 638 3751 decet
652 3687 754 3750 vitam
769 3686 947 3751 infestarier
961 3688 1069 3764 imbre,

271 3795 380 3879 Atque
395 3797 517 3880 aliquot
532 3798 670 3862 tenebris
684 3795 879 3881 tristitiaque
893 3797 970 3862 dics,
