2896 4402
657 355 704 420 85

139 588 170 652 2.
217 585 304 650 Elati
318 581 382 648 citri
397 582 576 668 mergimur,
596 579 601 668 Ι
621 581 824 666 depressique
837 581 981 648 levemur

214 700 265 760 Fm
279 696 344 759 imo
358 694 487 779 penitus
498 693 580 758 mari
598 691 603 779 Ι
623 693 734 758 cristas
748 714 856 758 rursus
872 694 913 758 ad
927 694 1020 779 ipsas.

214 811 261 872 At
275 807 339 891 qul
352 806 490 891 plurima
504 805 538 868 in
554 811 625 870 itere
644 802 654 892 Ι
668 825 801 888 spumae
814 804 926 888 pluma
940 812 1090 882 coruscat,

213 921 356 982 Domum
370 916 538 981 constituit
551 937 642 982 suem
661 913 667 1003 Ι
686 915 894 982 Procellarius
909 916 981 981 cles.

215 1030 249 1094 Si
263 1030 369 1094 forsan
383 1028 497 1094 domus
511 1025 600 1091 illius
619 1024 624 1113 Ι
643 1047 709 1092 non
723 1026 822 1091 stulte
836 1033 1034 1105 memoretur,

213 1139 279 1217 Qui
292 1137 412 1204 salsum
426 1138 489 1204 sibi
503 1140 614 1226 deligit
633 1138 639 1228 Ι
657 1162 714 1224 pro
729 1140 902 1206 Penatibus
918 1161 1035 1224 aequor

215 1252 332 1327 Udum,
348 1271 405 1315 seu
417 1249 518 1334 glacie
532 1253 645 1338 rigens,
666 1250 671 1339 Ι
691 1253 770 1318 coeli
784 1258 817 1319 et
831 1274 906 1317 arva
919 1253 1024 1337 gelati

214 1364 278 1441 Qui
292 1363 363 1428 saxi
375 1362 512 1428 lutdbras
526 1364 578 1428 sui
597 1361 602 1450 Ι
620 1368 699 1428 tune
713 1365 843 1428 demum
856 1364 940 1447 petit
955 1363 1061 1441 almas,

216 1474 324 1540 Pullos
339 1478 377 1537 ut
391 1474 497 1538 foveat
510 1474 564 1558 pie
583 1471 588 1561 Ι
607 1495 702 1552 curos,
719 1475 911 1560 edoceatque

213 1585 392 1651 Persultnre
405 1571 563 1669 proeelled
580 1583 586 1672 Ι
604 1584 711 1669 pennis
725 1587 861 1670 desuper
874 1587 984 1652 undas.

163 1749 168 1762 .
213 1698 329 1762 Vastus
344 1718 401 1781 per
414 1697 511 1762 muris
525 1697 648 1762 Arctici
667 1695 671 1784 Ι
691 1719 826 1782 campos,
842 1699 907 1782 qut
919 1698 1075 1783 gladiator

211 1808 272 1872 Vel
287 1807 417 1891 squelus
431 1807 519 1892 viget
532 1808 674 1893 impiger,
694 1805 699 1895 Ι
718 1809 770 1874 vel
784 1810 917 1874 balaena
931 1811 1084 1894 quiescit3

213 1919 294 1997 lllic,
308 1919 487 2003 praepetior
499 1919 612 1984 volens
632 1917 637 2006 Ι
655 1920 756 1984 imbre
772 1942 808 1984 ac
822 1921 951 1986 flumine
965 1922 1062 1999 venti,

213 2030 375 2095 Nuncieta
388 2030 483 2095 nifert
498 2051 556 2096 sue
574 2029 579 2117 Ι
598 2031 801 2115 procellarius
817 2053 923 2115 augur
1158 2015 1161 2024 ⁴

214 2142 370 2226 Ingratis:
392 2140 547 2206 volricreis
562 2142 648 2206 enim
668 2140 673 2229 Ι
692 2142 801 2227 culpat
815 2149 915 2207 nauta
929 2142 1080 2222 sinistras,

214 2255 304 2330 Quae
317 2253 493 2338 longinque
507 2259 639 2319 monent
651 2254 730 2319 viris
749 2252 754 2341 Ι
773 2254 955 2338 impendere
968 2255 1095 2338 pericla.

212 2367 266 2430 Sic
280 2371 321 2444 et,
336 2387 394 2430 seu
407 2367 491 2430 benc
505 2366 638 2430 nunciet
657 2364 661 2453 Ι
680 2373 761 2444 vere,
778 2386 834 2430 seu
848 2366 933 2430 mela
946 2374 1053 2432 narret
1070 2399 1073 2406 ⁴

212 2479 318 2555 Vates,
333 2478 489 2542 invidiam
504 2479 590 2562 capit
609 2477 614 2565 Ι
632 2479 736 2563 vulgo,
751 2500 808 2562 pro
822 2480 1005 2545 benefactis.

213 2592 338 2656 Perstat
351 2590 405 2654 hic
419 2596 535 2654 temen.
579 2590 688 2674 Atque
703 2595 747 2666 tu
768 2587 773 2676 Ι
792 2588 980 2654 Procellcrie
995 2591 1121 2674 Merge!

214 2700 283 2765 Illis
297 2721 397 2784 usque
412 2699 576 2783 procelldis
596 2697 600 2785 Ι
620 2700 728 2764 Inuas
742 2719 838 2784 super
851 2699 945 2764 undi.

629 2963 738 3046 [35]

139 3161 168 3222 1.
214 3159 259 3221 Tu
270 3127 330 3222 nec
344 3178 416 3242 spes
430 3179 511 3243 vege
524 3158 621 3236 fellet,
638 3157 648 3246 Ι
666 3159 735 3223 Nec
750 3164 782 3223 te
797 3159 921 3226 somnia
935 3160 1052 3224 mentis

213 3268 372 3349 Prodent3
395 3268 585 3334 discutietve
599 3270 649 3335 vis
669 3268 673 3356 Ι
692 3271 783 3335 venti
796 3271 939 3355 germina
952 3271 1048 3336 Meis

213 3380 398 3445 Flubrorum
412 3381 493 3446 ratio
508 3381 563 3446 vid
581 3380 587 3469 Ι
606 3388 732 3447 constet
746 3388 832 3447 certa
846 3383 991 3446 ferorum.

255 3492 356 3557 Crede
370 3490 459 3569 mihi,
475 3493 568 3557 crede
581 3492 670 3572 mihi,
686 3493 714 3558 si
728 3491 823 3557 modi>
836 3492 946 3576 possis.

138 3605 168 3670 2.
215 3605 326 3682 Qualis
340 3603 490 3689 splendor
503 3605 631 3670 Amoris
650 3603 656 3693 Ι
676 3605 808 3670 Summe
822 3609 941 3670 aestate
955 3603 1066 3668 tenelli

214 3716 320 3793 Lucet,
335 3738 437 3801 usque
452 3718 573 3785 hiemes
587 3718 666 3783 item
685 3717 691 3805 Ι
710 3719 804 3782 duret
818 3737 875 3801 per
888 3716 1077 3781 tenebrosas.
