2864 4406
590 753 698 836 [56]

147 984 174 1044 1.
218 979 247 1043 Ο
263 977 366 1040 multe
380 973 467 1060 pessi
481 995 555 1039 cum
570 973 651 1038 duce
665 973 832 1052 Welllehc,

216 1090 361 1174 Ausique
376 1086 502 1151 Bruehc
516 1085 611 1170 plure
624 1086 684 1150 sub
699 1086 847 1170 auspice3
954 1117 958 1125 ·

260 1201 381 1265 Adeste
395 1197 475 1263 laeti
488 1201 546 1262 eut
560 1196 601 1261 ed
616 1196 721 1261 cubile

303 1310 528 1394 Sanguineum,
544 1313 601 1372 eut
615 1307 769 1373 celebrem
785 1309 826 1373 ed
839 1308 1050 1395 triumphum.

145 1467 176 1530 2.
222 1464 326 1530 Secti!
348 1463 416 1527 dies
431 1467 527 1547 atque
540 1461 620 1526 hore
633 1462 701 1526 acie
715 1466 844 1547 nlgrene

221 1577 349 1640 Praesto
364 1574 404 1638 ’st
418 1571 575 1657 superbie:
593 1573 724 1658 jamque
739 1573 896 1641 ferocibus

264 1685 430 1749 Edvardus
444 1683 541 1749 ermis
554 1683 662 1761 instat,
678 1689 766 1750 ecce!

306 1795 445 1864 Vincula
459 1795 689 1880 servitiumque
703 1802 841 1881 portans.

147 1953 180 2015 3.
227 1948 306 2027 Quis
321 1949 492 2032 proditoris
506 1948 661 2033 suscipiet
675 1949 801 2014 scelus?

223 2060 359 2144 Explere
370 2060 482 2126 inercie
497 2059 570 2144 quis
585 2060 694 2144 cupiat
708 2062 850 2125 scrobem

266 2173 420 2257 Trupisve
434 2173 519 2238 servi
533 2175 657 2258 pense?
679 2177 767 2258 tergo

310 2283 473 2348 Proditor!
494 2284 605 2369 effuge,
620 2285 762 2349 inemvel
783 2305 881 2349 verso.

150 2438 181 2500 4.
226 2435 287 2500 Pro
299 2436 379 2520 jure,
394 2457 466 2521 rege
480 2441 514 2500 et
527 2436 671 2522 legitimo
687 2457 753 2515 suo,

224 2547 304 2625 Quis
319 2547 415 2611 cudeb
430 2567 538 2612 ensem
553 2546 706 2633 stringere
720 2547 865 2626 liberum,

266 2657 360 2722 Liber
373 2658 462 2736 mori,
477 2658 635 2742 vivusque
648 2659 753 2723 liber?
882 2641 883 2644 Ἴ

312 2770 423 2834 Scote!
446 2769 636 2836 celedeniez
658 2770 825 2853 irruamus,

152 2923 183 2986 5.
228 2921 290 2985 Per
304 2921 468 2986 servibutis
482 2921 641 3008 supplicia
655 2928 688 2988 et
702 2921 824 3007 prbbra,

228 3034 289 3098 Per
301 3033 385 3098 filios
399 3033 457 3116 qui
471 3035 677 3118 compedibus
691 3040 841 3120 gemunt!

270 3144 316 3208 Ni
329 3144 511 3223 liberentur,
526 3149 620 3230 gutte
632 3147 673 3210 eb
686 3146 751 3210 imo

184 3297 191 3312 .
314 3256 454 3321 Profluet
467 3256 584 3321 ultima
598 3257 690 3322 eorde
703 3263 820 3324 nostro.

152 3413 184 3476 6.
229 3410 331 3476 Valde
345 3415 498 3494 tyrannos
513 3411 641 3494 dejicite
655 3432 800 3495 esperos3

227 3523 394 3608 Tyrannus
409 3527 459 3587 est
471 3543 556 3600 nem,
571 3521 717 3606 quisquis
732 3522 779 3587 ibi
793 3523 906 3605 cedeb3

271 3635 408 3717 Ictuque
422 3632 552 3698 libertae
566 3633 603 3697 in
617 3632 705 3697 omni
720 3634 767 3712 ut,

316 3745 420 3822 Quem
434 3745 509 3810 ferit
521 3743 739 3810 immoriturue
753 3745 853 3811 heros.
