2864 4406
620 345 686 412 131

312 571 361 634 st
374 590 434 634 neo
447 569 557 634 silenti
570 570 624 636 vel
636 570 755 655 pavida
768 569 845 656 fugt

311 681 445 758 Venere,
461 680 607 765 quamvis
622 681 688 746 siut
700 682 828 767 profugi
841 680 935 746 domo
947 706 957 764 ;

357 791 420 856 Sed
434 812 512 878 voce
526 792 601 857 fo1ti
614 799 821 876 personantes

402 903 599 968 Concutiunt
611 925 750 970 vaenum
764 904 923 989 profimdi.

313 1015 403 1078 Inter
415 1012 570 1097 proeellas
584 1015 693 1100 qualia
707 1015 885 1093 concinant,

310 1128 485 1193 Auscultat
498 1148 615 1212 aequor
630 1127 795 1211 sideraque
808 1126 964 1208 aetheris3

356 1239 535 1324 Nigrasque
547 1239 704 1304 libertatis
718 1239 858 1324 hymnus

400 1351 461 1414 Per
474 1370 640 1414 nemorum
654 1371 793 1417 cameras
807 1353 975 1436 strepebat.

309 1461 470 1527 Montana
482 1461 579 1544 pinus
593 1462 785 1526 contremuit
798 1463 954 1529 emmens:

307 1571 399 1636 Nido
413 1572 524 1638 relioto
539 1594 666 1638 sussum
680 1575 788 1658 aquila
802 1575 908 1641 evolat

357 1682 486 1766 Spumis
500 1682 640 1761 marinis,
655 1689 693 1748 ut
706 1684 853 1750 deooram

400 1794 574 1859 Exsulibus
585 1795 698 1879 jubeat
712 1795 857 1862 salutem.

316 1905 406 1968 Inter
419 1910 579 1970 catervam
594 1927 675 1989 quae
688 1906 816 1991 peregre
830 1909 922 1992 fugit,

315 2013 412 2076 lbant
425 2013 557 2079 verendi
571 2015 688 2080 canitie
703 2036 794 2081 senes
804 2042 857 2097 3-—

359 2125 479 2202 (AEtate
495 2127 696 2191 euitandam
709 2127 797 2192 vieta
859 2157 861 2162 ·

400 2237 429 2300 E
441 2237 546 2322 pituita
558 2245 666 2305 vetere
679 2240 861 2306 exsulantes
874 2245 898 2326 2)

315 2349 413 2412 lbant
427 2369 536 2415 sereno
550 2349 672 2416 lumine
687 2352 831 2431 feminae,

314 2459 378 2524 *Oui
392 2460 484 2526 fulsit
496 2461 585 2528 intus
600 2463 736 2528 eandida
750 2465 864 2530 caritas
878 2489 886 2529 :

359 2572 495 2656 Ibstque
509 2573 596 2640 frons
611 2581 759 2642 constans
772 2577 921 2657 virorum,

403 2685 520 2751 Pectus
534 2691 567 2751 et
580 2686 751 2772 igniferum
761 2690 922 2772 juventae.

313 2797 403 2875 Quid
416 2797 452 2860 hi
464 2798 617 2881 petebant
630 2806 698 2864 tam
712 2801 823 2884 procul
837 2823 856 2866 a
870 2803 986 2868 domo?

313 2909 466 2974 Clarasne
480 2930 628 2994 gemmas,
644 2932 686 2975 an
699 2912 838 2996 pretium
853 2915 966 2980 emani

359 3019 481 3085 Bellive
494 3020 669 3105 praedam?
692 3023 748 3088 sed
761 3025 914 3108 petebant

404 3130 580 3217 Rolligione
594 3133 658 3198 frui
672 3133 788 3200 severa
878 3197 880 3200 .

315 3244 454 3308 Sanetus
468 3243 618 3329 profecto
632 3243 695 3328 quo
709 3246 835 3331 profugi
848 3247 964 3332 pedem

318 3355 462 3418 Primum
477 3356 667 3434 eutulanum,
683 3357 727 3421 sit
739 3357 847 3439 loeus3
870 3359 1020 3446 aquibus

360 3467 477 3550 Legata
490 3466 621 3532 libertas
635 3473 788 3552 nepotum
803 3469 843 3535 'st

405 3579 600 3646 Intemerata
612 3579 720 3644 Deum
735 3580 867 3648 colendi.
