2896 4402
680 401 727 468 59

298 633 326 697 5.
372 631 426 708 Ut,
442 651 515 695 cum
529 629 637 713 tepido
652 627 744 692 Veris
758 627 837 692 flatu

368 741 517 818 Veniens,
533 744 637 804 ortum
648 740 743 823 jubar
757 738 909 803 acclamet
921 763 929 816 ;

369 853 498 936 Subque
512 851 642 916 occiduo
657 849 722 915 sole
735 850 870 926 rubenti,

453 963 611 1028 Frondem
624 962 661 1026 in
674 967 782 1026 mitam

273 1094 279 1108 ·
411 1072 559 1138 Volitana
573 1071 709 1156 obliqua
723 1079 884 1156 recantet3

297 1189 326 1251 6.
371 1187 425 1264 Ut,
441 1187 500 1251 sub
513 1206 622 1250 musco
638 1187 770 1270 conjuge
784 1187 859 1264 fota,

368 1297 460 1362 Prole
475 1297 589 1362 canora
602 1317 660 1361 nos
676 1295 838 1375 exhilaret,

366 1407 521 1491 Vatiaque
536 1414 628 1472 acuat
643 1409 781 1473 carmine
794 1413 924 1492 pectus;

454 1519 630 1602 Propterea,
647 1519 705 1597 aia,

411 1631 558 1694 Gamerae
573 1629 655 1714 petit
669 1629 725 1695 illa
738 1629 898 1696 virenteia

281 1741 322 1805 A
365 1739 467 1806 Vetus
481 1741 544 1818 iile,
560 1737 613 1805 &a
956 1724 959 1729 ’

640 2061 749 2145 [22]

339 2309 366 2373 1.
411 2309 537 2374 Froaua
550 2308 675 2392 fulgens
689 2305 773 2369 inter
786 2301 909 2388 apricos
1018 2317 1020 2322 ’
1094 2314 1098 2326 ·

452 2419 590 2484 Avicula
602 2417 686 2482 vivit
700 2415 894 2493 Bombilans,

411 2528 539 2597 Scilicet
552 2530 653 2595 hortis
668 2527 778 2593 divula
792 2527 948 2611 quaedam

453 2643 501 2707 Ut
513 2648 590 2706 nata
603 2641 718 2726 gaudio
732 2659 827 2704 merc.

337 2869 365 2930 2.
411 2865 610 2948 Ubicumque
625 2863 738 2929 Oriens
752 2861 861 2927 fundit
874 2857 991 2940 adorea,

360 2967 365 2978 ’
453 2975 560 3042 Olcrea
574 2996 632 3060 per
645 2973 774 3052 insulas,
789 2993 870 3050 auos,

409 3082 480 3152 Hac
495 3092 591 3170 atque
604 3085 679 3150 illac
692 3084 781 3149 mille
796 3103 942 3172 coruscae
1028 3098 1030 3102 ·

448 3195 570 3262 Missiea
580 3195 726 3262 ‘aviculae
740 3193 927 3260 bombilant.

337 3423 365 3486 3.
409 3422 512 3486 Vivus
526 3425 564 3484 ut
577 3419 668 3505 ignis,
682 3419 739 3483 vix
753 3439 812 3502 ape
826 3401 980 3503 grandim,
1021 3433 1024 3436 ·

452 3533 585 3598 Oberrat
599 3531 677 3596 haec
692 3531 743 3596 alt
755 3531 827 3609 levi,

409 3645 544 3729 Ingente
558 3664 652 3727 super
667 3642 821 3728 Coryphe,
837 3645 871 3708 et
883 3640 1009 3729 palmae

450 3755 513 3820 Per
524 3753 591 3818 lata
604 3753 682 3819 folia
694 3755 840 3820 nanulae.
