2864 4406
322 551 503 634 Campanae
516 546 657 611 numeria
671 545 870 632 duleierepae
883 547 1048 633 procul,-

362 661 396 725 N
397 637 548 725 oeturnus
561 657 720 730 undarum
733 639 885 737 sonue,-ss

320 775 453 850 Ventua,
468 772 533 857 qui,
548 770 716 836 modulans
732 771 938 850 multimodis,
953 774 1040 839 valet

361 886 472 950 Fibres
487 884 568 949 aiere
582 883 725 948 cordium
734 907 788 964 3-

320 997 413 1064 Glart
426 1001 543 1062 cuneta
556 995 618 1060 tibi
630 1015 708 1060 voce
721 993 813 1079 loqui
827 1003 954 1080 queant,

362 1110 418 1174 Illi
431 1108 561 1174 tametsi
575 1107 722 1192 elinguia.

246 1226 276 1290 4.
320 1223 424 1308 Atqui
437 1243 479 1288 ne
492 1221 554 1287 tibi
568 1220 611 1287 sit
624 1224 791 1306 propterea
801 1217 889 1294 liris,

344 1365 347 1372 ¹
364 1337 453 1414 Quae
468 1333 568 1399 erevit
581 1332 674 1398 aunis
688 1331 824 1410 aaritaa;

320 1449 409 1525 Quae
423 1451 572 1511 constane
585 1444 668 1524 fidei,
683 1463 808 1529 semper
821 1441 974 1519 amabilia,

362 1557 444 1622 Inde
458 1577 499 1624 ex
513 1556 638 1642 puertia
652 1555 723 1621 fuit.

318 1671 354 1735 Si
367 1670 448 1755 quis,
462 1662 681 1736 eollaerimana
694 1669 814 1746 funma
827 1665 992 1752 partieepas

362 1780 554 1846 Tuidoloria
568 1780 701 1858 exstitit,
1100 1780 1106 1799 ‘

319 1892 512 1977 Aaseditqne
526 1899 596 1958 toro
610 1891 803 1979 pervigilans
816 1897 896 1970 tuo;

362 2003 462 2068 Hune
476 2011 492 2036 ⁴‘
503 2009 653 2067 mutuum
668 2003 737 2067 eor'
752 2004 893 2068 aestima

249 2116 276 2180 5.
321 2115 380 2180 Sin
393 2120 432 2198 tu
445 2114 576 2181 vinnula
588 2114 640 2179 vis
653 2114 817 2191 nobiliora,
832 2133 915 2198 quae

361 2225 490 2290 Maneis
504 2245 657 2308 supernos
671 2225 917 2309 complicant-

319 2336 394 2403 Una
408 2336 508 2421 stirpe
521 2335 612 2402 velut
625 2335 783 2421 progeniti
796 2335 926 2402 vibrant

360 2448 470 2514 Floree
484 2447 596 2514 eodem
610 2446 727 2533 spiritu
739 2469 795 2527 3-

319 2558 355 2623 Si
367 2564 406 2623 tu
418 2557 577 2623 laetitiam
591 2578 657 2622 non
671 2556 795 2622 homini
809 2555 903 2622 datae

361 2669 556 2736 Concordiae
569 2670 719 2735 intimam
732 2668 839 2754 petis!

315 2779 398 2858 Vah,
408 2780 552 2866 jucunda
565 2780 663 2846 nimia
677 2769 794 2866 projiee
808 2781 940 2858 somnia,

359 2891 422 2956 Vel
436 2893 589 2958 caelitum
603 2893 707 2960 alleva
720 2893 831 2978 plagia

596 3089 710 3174 [ee]

203 3239 231 3303 1.
275 3236 440 3311 Tarium
454 3235 558 3302 sicubi
572 3236 651 3320 quid
665 3237 798 3316 mintius,
813 3238 946 3324 aegrius,

316 3349 462 3414 Moerore
475 3347 607 3434 languet
620 3347 723 3414 indies
736 3372 745 3428 ;

274 3459 376 3525 Pullis
390 3465 429 3524 ut
441 3458 541 3524 vidua
553 3458 590 3522 in
603 3457 754 3536 vestibus,
768 3458 886 3526 intime

317 3570 386 3638 Sub
400 3570 632 3638 comelantum
645 3571 880 3657 comprimam

276 3683 324 3749 Ut
337 3682 430 3750 furva
443 3683 562 3751 renidet
575 3682 693 3750 Nauna
705 3681 818 3750 dolena
829 3679 921 3759 atala
