2896 4402
667 307 710 374 81

398 533 478 612 Quis
492 540 525 600 te
540 534 691 601 sollicitat
704 537 801 600 timor
812 540 824 600 t

353 643 432 729 Spes
446 645 560 711 innixa
573 647 643 712 Deo
658 647 702 712 sit
714 647 776 711 tibi
789 646 825 710 in
840 646 944 711 Unico
958 672 965 710 ε

396 757 533 822 Posthac
547 758 704 842 aspiciens
718 757 826 836 Deum

352 867 523 933 Firmabor
537 893 544 932 :
558 890 631 934 mea
645 874 716 933 tum
729 890 795 934 vox
809 869 874 934 cita
887 869 1022 953 profluet

396 979 547 1045 Sanctam
560 980 629 1044 vim
642 1000 797 1046 venerans
810 1001 939 1048 memor.

353 1201 445 1267 Eheu
458 1208 465 1266 l
479 1223 551 1286 spes
566 1203 667 1268 animi
681 1204 827 1281 concidit,
844 1205 872 1270 0
887 1205 996 1269 Deus!

396 1315 460 1380 Sed
475 1337 538 1394 cur,
553 1316 600 1379 mi
612 1317 702 1381 Deus
714 1320 727 1381 2
741 1337 813 1382 eoae
827 1316 914 1382 euim

352 1426 397 1491 Te
411 1432 606 1492 commentor
620 1447 718 1511 aquas
731 1433 861 1513 propter
869 1421 1029 1504 Iordanis,

396 1539 439 1602 'la
454 1538 513 1602 sub
527 1537 666 1602 vallibus
682 1539 888 1617 Hermtnum,

352 1650 396 1714 Te
411 1670 507 1733 supra
521 1650 648 1714 Misaris
664 1650 744 1715 colla
757 1651 914 1716 fideliter:

395 1762 585 1844 Quanquam
598 1761 658 1826 sub
672 1761 802 1826 fremitu
814 1767 871 1827 tuo

353 1874 395 1936 In
408 1893 460 1937 me
475 1872 576 1957 surgit
591 1877 682 1936 atrox
695 1873 851 1939 imbribus
866 1881 1013 1940 aestuans

396 1984 518 2068 Gurges
532 1984 656 2067 gurgite
671 1985 821 2050 concitus.
1001 1969 1006 1979 ¹

353 2096 400 2160 At
413 2100 452 2159 tu
465 2100 560 2159 mane
573 2101 663 2159 tuam
677 2094 813 2162 blandus
828 2117 921 2182 opem
935 2098 1035 2173 dabis,

394 2211 533 2293 Jamque
548 2215 581 2274 et
594 2214 688 2274 noete
702 2213 780 2272 cano
794 2206 863 2285 tibi

350 2319 470 2384 Vitalis
483 2325 630 2403 repetens
645 2319 821 2402 alloquium
834 2319 905 2383 Dei.

393 2432 513 2495 Ancum
527 2453 614 2495 nunc
628 2430 776 2512 equidem
789 2450 894 2494 meam

353 2545 517 2628 Compello
532 2542 630 2609 dubia
645 2563 718 2608 oum
732 2561 832 2625 prece,
848 2541 893 2604 Ni
906 2542 971 2605 mei.

394 2659 488 2722 Forte
502 2656 623 2722 oblitus
638 2676 679 2733 es,
695 2656 723 2719 Ο
738 2655 835 2731 Deus,

251 2791 253 2796 ·
352 2769 456 2848 Quare
471 2769 605 2834 saevitia
613 2768 789 2853 perprimor
801 2765 967 2830 hostium?

396 2883 538 2959 Quarum
552 2902 623 2958 vox,
638 2879 764 2964 gladius
777 2877 869 2942 velut

352 2991 506 3057 Scindeus
521 3012 599 3068 ossa,
613 2991 703 3056 venit
716 2991 801 3056 laeta
814 2989 934 3073 pr6br0‚
951 2995 967 3020 “
975 3008 1066 3052 meus

393 3107 483 3170 Num
498 3105 676 3170 discesserit
689 3103 889 3168 Arbiter.''--

351 3217 380 3281 Ο
396 3238 456 3294 cor,
471 3222 509 3279 tu
523 3216 602 3299 quid
616 3215 702 3280 enim
716 3221 749 3279 te
763 3214 880 3299 pavida
893 3213 998 3296 geris?
1027 3298 1029 3302 Ι

394 3327 473 3405 Quis
487 3333 521 3391 te
535 3327 687 3392 sollicitat
700 3327 796 3391 timor
807 3330 819 3390 l

352 3440 432 3525 Spes
446 3441 559 3504 innixa
573 3440 643 3504 Deo
658 3440 701 3504 sit
714 3439 776 3505 tibi
789 3440 825 3502 in
840 3441 952 3505 Unico.

396 3551 496 3616 Illum
509 3551 605 3617 lauda
619 3551 721 3616 colam
735 3550 819 3616 novi

351 3665 496 3744 Posthac,
511 3665 617 3732 lucem
631 3663 731 3730 oculis
745 3671 841 3750 atque
855 3663 937 3728 mihi
950 3665 1064 3729 Deum.

668 3793 688 3839 r
