2848 4436
656 385 696 452 ll

252 619 339 682 Nam
353 613 487 681 summis
501 613 537 678 in
551 612 643 698 equis
657 597 810 678 dormitat
822 617 939 680 ventris
953 613 1072 700 ubique
1086 639 1097 679 :
1200 655 1203 664 ,

337 727 467 794 Vexille
479 727 569 792 fluxa
581 725 743 803 decidunt,

251 843 361 925 Atque
374 839 508 924 insigne,
523 837 620 923 scipta
633 835 955 903 circinnfluitantibus
970 841 1109 913 exstans,

337 955 388 1018 En
400 958 407 1017 1
428 952 508 1018 luna
521 971 664 1018 crescens
678 950 845 1036 praenitet

252 1067 384 1130 Prorsus
399 1063 578 1134 conticuere
591 1061 663 1140 loci,
677 1061 742 1127 nisi
755 1059 821 1146 qud
833 1057 914 1146 vigil
927 1062 1035 1124 astans

337 1175 435 1240 Miles
448 1172 601 1238 reclamat
613 1177 785 1249 tesseram3

250 1288 313 1354 Vel
327 1288 355 1353 si
369 1286 441 1371 qud,
456 1284 565 1350 sonitu
578 1283 739 1367 geminato
753 1303 773 1346 a
787 1277 930 1356 collibus,
944 1275 1054 1342 hinnit

311 1475 313 1480 ι
337 1398 448 1482 Equus
462 1398 628 1480 protervus
643 1392 778 1472 ecriter;

216 1506 220 1514 '
250 1509 314 1575 Seu
327 1509 427 1574 trucis
440 1507 530 1572 illius
545 1504 680 1589 crepitat
693 1525 758 1570 vox
772 1523 867 1570 caeca
879 1508 1036 1579 catervae,

338 1621 385 1686 Ut
399 1617 568 1698 frondium,
582 1617 665 1684 mari
679 1618 719 1682 ad
732 1637 820 1684 mare
832 1640 841 1697 3

248 1736 337 1799 Dum
351 1732 457 1802 media
471 1732 511 1800 de
524 1737 619 1798 nocte
633 1730 778 1798 sacerdos
791 1729 852 1796 rita
866 1734 990 1796 siietam

330 1844 487 1911 Solemnis
502 1843 544 1909 ed
557 1864 683 1926 precem
696 1848 799 1908 vocat.

249 1957 357 2040 Hujus
372 1963 406 2020 at
419 1955 557 2040 insurgit
570 1975 628 2039 per
642 1973 778 2038 campos,
793 1951 957 2020 daemonis
969 1951 1075 2016 instar

334 2066 481 2152 Lugiibre
495 2067 637 2145 solitarii,

249 2180 391 2255 Carmen,
406 2177 632 2243 blandisonum
645 2145 830 2262 maestoque
845 2195 958 2242 canore
971 2175 1145 2254 refertum:
1267 2208 1271 2216 ·

334 2289 388 2365 Ut,
405 2307 481 2352 aura
495 2287 651 2372 siquando
666 2288 795 2373 ingruit,

245 2401 279 2464 N
279 2404 350 2466 aeta
371 2398 465 2476 fides,
481 2399 550 2466 sine
563 2419 651 2464 more
665 2399 773 2465 frendt
786 2397 956 2486 praelonga
970 2396 1142 2484 querelam,

331 2512 467 2595 Egressa
479 2511 630 2578 mortales
643 2511 737 2597 lyras.

631 2765 708 2851 [6]

195 3013 201 3025 .
247 2961 274 3026 0
290 2983 361 3046 quea
376 2961 534 3048 praecipiti
547 2961 623 3028 salis
637 2960 725 3027 unda
739 2962 840 3040 devia,
854 2961 938 3028 olivo

329 3073 471 3158 Delapsa
484 3074 603 3140 montis
616 3073 736 3150 infimo,

244 3185 349 3262 Quam
364 3185 452 3251 dulci
465 3205 633 3252 numerosa
647 3190 704 3250 tuo
718 3205 783 3248 vox
797 3205 850 3250 ore
864 3184 1031 3270 profundit

329 3294 452 3361 Valleis
466 3316 523 3381 per
536 3295 673 3382 Alpinas
686 3296 808 3364 melosi

244 3405 394 3472 Ventosis
409 3427 506 3491 eques
522 3408 559 3472 in
573 3407 704 3493 spumis,
718 3409 831 3494 procul
845 3409 960 3488 albida,
975 3429 1090 3476 sanim

330 3515 457 3583 Pallore
469 3518 641 3605 distinguis
654 3526 801 3606 nigrum

242 3626 286 3691 lit
299 3627 475 3715 longinqua
488 3630 598 3710 oeulis,
611 3632 732 3700 montis
745 3653 829 3699 nova
844 3637 966 3719 nupta!
987 3637 1109 3699 retecto

329 3739 480 3806 Formosa
493 3740 565 3806 velo
581 3742 740 3826 praenites.
