2864 4406
629 347 700 414 129

255 581 283 645 5.
328 578 464 657 Quando
478 576 514 640 in
528 574 666 661 punicea
678 574 784 639 lurida
797 575 883 642 nubs
898 573 957 640 lux

410 689 578 754 Aestatem
593 688 679 754 abire
694 687 844 764 monebit,

280 804 324 868 Et
337 801 450 866 valleia
465 800 630 866 exanimas
645 799 750 884 rigens

409 913 495 977 Albo
509 911 568 975 nix
582 912 692 976 funere
707 911 840 991 condet3

324 1025 395 1089 libi
409 1031 487 1089 tunc
502 1023 649 1108 glacialia
663 1023 778 1088 moliar
791 1023 879 1100 atria,

323 1138 437 1201 Vitreo
451 1157 526 1201 cum
540 1136 667 1212 fornice,
682 1135 804 1219 pariete
819 1133 951 1220 fulgida,
965 1139 1000 1198 et

410 1248 527 1316 Indam
541 1267 598 1332 pro
613 1247 767 1312 stramine
780 1245 902 1331 pellcis.

253 1361 280 1423 6.
325 1358 378 1422 Ad
394 1357 499 1423 cubile
512 1365 607 1422 tuum
621 1357 731 1422 ludere
745 1357 860 1442 gestiet

408 1469 588 1554 Vulpecula
603 1469 695 1535 alba:
716 1470 859 1555 gelatum

281 1581 342 1646 Per
357 1580 480 1646 coelum
494 1566 812 1659 flamma'meridiem

408 1691 579 1769 Simulans
594 1691 724 1758 crinrsca
736 1692 864 1757 meabit.

324 1802 387 1866 Ast
400 1802 522 1868 interea
535 1803 618 1867 mihi
633 1808 671 1868 tu
685 1804 810 1882 ridebis,

323 1916 380 1978 Me
395 1914 554 1998 colloquio
569 1913 717 1992 solabere,
736 1913 932 1998 (certum'st)

407 2029 497 2093 Dum
510 2050 577 2095 nox
591 2030 749 2115 aufugerit
763 2033 840 2093 atra

603 2289 707 2376 [55]

323 2487 364 2549 Iu
378 2486 470 2552 triste
483 2486 577 2550 littus
591 2485 725 2570 rupibus
741 2505 887 2569 asperum

323 2595 466 2662 Sublime
480 2597 605 2682 plangit
620 2618 735 2682 aequor,
750 2602 783 2661 et
798 2595 896 2660 ardua

366 2707 454 2772 Ooelc
469 2709 645 2793 procelloso
659 2709 820 2773 minanter

408 2821 545 2884 Brachia
558 2841 592 2885 se
606 2842 774 2886 nemorum
787 2825 981 2905 retorquent.

321 2931 424 3015 Supra
438 2931 617 3015 nigrescens
631 2931 780 2996 incubuit
792 2931 897 3016 gravis

320 3041 468 3127 Marique
482 3064 548 3107 nox
562 3049 596 3108 et
609 3043 752 3121 collibus,
766 3042 802 3106 in
816 3042 898 3109 feras

364 3153 578 3239 Novanglicas
593 3161 631 3218 ut
645 3155 737 3220 exsul
751 3176 821 3220 oras

406 3265 582 3350 Navigium
596 3287 711 3331 manus
727 3266 886 3351 alligabat

320 3376 395 3440 Non
409 3397 484 3440 cum
498 3377 634 3461 superba
647 3383 775 3461 pectore
789 3377 951 3462 simplices

319 3489 443 3553 Venere
456 3488 594 3573 pompa:
615 3494 771 3575 tympana
784 3513 851 3558 non
865 3499 1014 3579 strepunt

363 3600 467 3684 Gyras
482 3601 644 3681 orantum,
658 3624 723 3668 non
739 3603 876 3671 celebres

405 3710 547 3778 Buccina
561 3713 646 3780 clara
660 3715 739 3782 citat
751 3715 939 3804 triumphos.

649 3843 663 3893 1
