2864 4406
593 684 703 766 [80]

110 886 114 896 ¹
197 925 226 972 a„
272 907 300 970 Ο
314 921 398 970 mnu
412 905 487 970 Nox
501 903 616 969 saeris!
638 903 736 969 simul
749 925 786 969 aa
800 903 924 969 homini

127 1097 137 1108 ·
186 1019 251 1084 Dei
264 1017 393 1102 loquela
406 1023 439 1081 te
453 1021 613 1100 tuumque
624 1036 744 1080 nomen
763 1014 769 1102 Ι
786 1015 963 1100 primigeno
977 1016 1095 1094 retulit,

275 1130 392 1194 Nonne
405 1127 458 1192 hio
472 1131 628 1192 venustae
647 1124 652 1213 Ι
671 1126 863 1191 contremuit
877 1147 1028 1205 camerae,

327 1237 390 1303 Oui
402 1237 474 1302 luae
487 1236 612 1320 fulgent
625 1241 711 1300 tenta
724 1235 933 1319 coeruloquel

118 1325 122 1332 ’
199 1367 226 1413 a.
271 1349 334 1414 Sed
347 1369 417 1412 rore
429 1347 564 1412 vestitus
579 1346 713 1432 liquido,
727 1347 838 1412 radiis

173 1439 341 1523 'seusus
356 1457 439 1522 orus
453 1457 539 1542 ignei
554 1457 702 1534 casensis,
722 1455 728 1543 ι
748 1457 910 1541 Hesperus
925 1477 996 1524 ecoe
1009 1462 1016 1522 s
1030 1457 1118 1523 venit

277 1569 429 1651 Princeps
444 1568 502 1632 sut
516 1587 589 1632 oum
603 1565 725 1632 siderea
738 1566 869 1652 legione,

321 1681 365 1743 Et
378 1678 517 1744 hominis
531 1679 623 1744 oculo
636 1678 776 1744 mundus
791 1679 970 1763 ampliatum

205 1811 232 1858 e.
277 1792 369 1858 Tales
383 1797 511 1877 putaret
524 1791 596 1876 quis
610 1790 755 1856 tenebras
766 1791 879 1874 jubam
893 1791 929 1855 in

190 1907 258 1969 Tuo
272 1903 378 1982 litere,
394 1904 468 1968 Sol!
490 1903 562 1987 quis
577 1908 757 1967 autumaret
775 1900 780 1987 Ι
799 1907 832 1965 te
846 1902 923 1966 folio
937 1902 973 1966 in
985 1902 1119 1968 minimo

279 2015 344 2094 Qui
357 2013 581 2080 commeanteis
594 2013 745 2077 bestiolas
758 2012 880 2096 retegis

322 2127 382 2191 Tot
394 2125 518 2190 lumina
532 2123 690 2190 abdidisse
702 2123 776 2188 luee
790 2123 906 2210 caeca?

96 2262 98 2268 ·
206 2255 237 2302 n.
282 2238 347 2302 Gur
361 2241 434 2323 ergo
446 2241 583 2301 mortem
597 2234 727 2300 solliciti
741 2234 905 2318 fugimus?

281 2348 316 2412 Si
330 2348 440 2413 fraude
454 2346 545 2412 tanta
557 2345 616 2410 lux
630 2346 753 2411 ammos
766 2345 903 2430 laqueat,

324 2459 389 2522 Gur
403 2478 467 2522 non
481 2457 551 2522 vita
564 2477 690 2541 quoque
705 2456 775 2540 ipsa
788 2455 880 2521 fellat
890 2455 914 2544 ll

604 2717 705 2804 [81]

114 2895 148 2980 u.
194 2918 354 2993 Qosnuau
367 2914 421 2980 vel
434 2916 575 2992 ubinam,
590 2915 734 2980 Maxime
749 2914 936 2999 Solipotens

153 3026 313 3112 Imaginer
326 3031 366 3104 te,
378 3026 435 3111 qui
448 3025 529 3090 letes
544 3045 653 3091 sereno
672 3023 678 3112 Ι
697 3032 812 3092 ounote
825 3026 911 3110 quod
926 3025 1100 3120 exbilarut;

195 3137 334 3222 Tuisque
348 3141 456 3222 portos
470 3135 614 3200 tenifiois
630 3136 779 3200 manibus

280 3249 426 3314 Rauoum
440 3247 625 3324 tonitruum,
640 3245 747 3331 fulgur
761 3254 795 3312 et
807 3247 951 3312 volueret

123 3377 152 3426 u.
196 3359 462 3444 Nigranteourru
475 3357 677 3423 nubisiutrox
691 3357 828 3442 rapidae,
1207 3443 1210 3454 .

154 3472 284 3535 Summo
298 3471 359 3536 sub
373 3473 459 3536 astro
471 3470 582 3548 nouus,
597 3469 633 3534 in
646 3469 784 3553 procellat
802 3468 808 3556 Ι
827 3468 990 3535 deveharis
1005 3471 1129 3549 Boreae,

195 3582 338 3648 Etesiam
351 3581 404 3648 vel
418 3583 573 3647 daemona
586 3579 767 3645 turbinibus

161 3785 165 3794 .
282 3692 360 3777 llis,
371 3693 507 3759 oonssois
522 3693 641 3759 excites
652 3692 688 3755 in
702 3691 808 3757 Indos
