2864 4406
639 361 704 443 171

616 720 720 804 [71]

130 945 159 1008 1.
204 943 232 1007 0
246 961 319 1008 mea
332 941 451 1026 pulcra,
466 943 580 1025 potens
593 939 695 1018 veru,
714 937 721 1028 Ι
739 958 879 1024 quonam
893 939 950 1006 sed
964 941 1097 1007 abfuisti
1109 946 1121 1006 2

201 1053 258 1117 An
271 1051 346 1118 crim
359 1051 532 1116 hirundine
545 1056 583 1116 tu
598 1050 738 1116 calidum
757 1048 763 1138 Ι
781 1050 947 1116 meridiem
960 1053 1099 1136 petebas,

203 1165 390 1250 AEthiopem
404 1163 522 1230 antris
535 1183 671 1249 puerum
690 1160 695 1250 Ι
715 1161 798 1228 clam
812 1163 933 1229 suaviis
947 1163 1099 1243 salutans,

204 1275 306 1354 Quem
321 1293 730 1360 superaequorepurpureo
749 1271 755 1360 Ι
770 1274 904 1357 jamjam
915 1274 1058 1340 evehunt
1065 1276 1223 1360 ldtrunes;

201 1385 451 1471 Discuticnsque
464 1385 547 1473 gena
560 1385 725 1450 hemmam
743 1381 749 1470 Ι
767 1385 880 1450 matris
894 1384 1163 1468 Mdzamblcanae,

200 1498 356 1582 Ereptum
370 1517 452 1583 quae
466 1497 603 1562 filiolum
621 1494 627 1585 Ι
647 1497 807 1562 confracta
821 1497 914 1562 corde
928 1498 1057 1582 plorat?

202 1608 297 1673 Unde
312 1629 384 1694 ergo
399 1613 466 1674 tam
480 1614 571 1694 grata
584 1609 676 1676 vinis
694 1608 700 1697 Ι
718 1614 895 1695 potensque
910 1610 1115 1678 festinandi?

199 1718 255 1781 An
267 1718 388 1803 gelidas
402 1719 488 1784 intra
502 1741 596 1786 zonas
615 1717 621 1808 Ι
639 1726 753 1786 ventos
767 1721 850 1786 feros
863 1721 993 1806 ligabaa

201 1828 387 1896 Pectoribus
401 1832 514 1897 Terrae
528 1831 638 1917 rigidis
657 1830 663 1919 Ι
682 1833 869 1917 impartiens
883 1838 1033 1916 teporem,

200 1941 410 2025 Morosaeque
424 1942 552 2008 Hiemis
565 1942 711 2008 fremitus
730 1941 736 2028 Ι
751 1945 829 2027 jugo
843 1963 990 2026 premens
1005 1944 1065 2008 sub
1080 1944 1169 2009 acri?

149 2263 155 2277 .
202 2213 229 2276 Ο
244 2232 317 2276 mea
329 2205 449 2298 pulcra,
463 2218 578 2298 potens
592 2212 694 2292 Veris,
713 2212 720 2299 Ι
738 2233 878 2297 quonam
892 2213 949 2278 sed
963 2213 1120 2279 abfuisti?

199 2322 355 2389 Mellifica
369 2323 443 2388 cuim
458 2325 512 2408 api
526 2324 631 2390 forsan
650 2322 656 2411 Ι
674 2345 772 2410 vagas
786 2323 855 2389 vias
870 2330 979 2390 secuta
993 2326 1025 2403 ἐ,

197 2435 316 2500 Libana
330 2441 442 2501 nectar
455 2435 542 2519 apud
557 2435 661 2500 Sereis
680 2433 686 2523 Ι
705 2434 853 2500 alicunde
867 2435 1037 2514 fabulosos,

199 2546 380 2612 Luxuriave
394 2547 503 2612 fruens
519 2544 629 2611 Turcis
648 2543 654 2634 Ι
672 2547 708 2610 in
722 2545 859 2611 hortulis
873 2545 1025 2611 reclinis?

198 2659 329 2724 Numne
343 2679 435 2724 auras
450 2659 567 2723 Arabis
581 2657 707 2743 tepidas
726 2655 732 2746 Ι
751 2655 853 2723 felicis
867 2657 1045 2735 hauriebas,

198 2770 253 2834 An
266 2771 305 2834 tir
319 2771 511 2836 odoriferum
524 2769 634 2856 potius
653 2768 658 2858 Ι
678 2791 786 2835 aroma
800 2769 1047 2853 Taprdbanuml

198 2883 261 2946 Ast
275 2881 419 2966 alioquin
432 2882 519 2946 unde
532 2881 624 2946 venis
643 2879 649 2968 Ι
668 2882 792 2966 spirans
806 2879 888 2944 mihi
902 2880 1083 2965 higranten

197 2995 241 3057 Et
254 3013 343 3058 roseo
357 2993 480 3057 fervore
493 3013 591 3077 genas
610 2990 616 3079 Ι
634 2993 807 3077 perfundis,
823 2997 920 3076 atque
934 2993 1042 3077 opima

101 3117 110 3142 ·
198 3104 326 3189 Spargis
341 3103 531 3181 suffimenta,
545 3104 633 3169 luem
653 3103 658 3190 Ι
677 3125 760 3189 quae
775 3103 933 3189 dissipent
947 3111 1085 3170 atrocem
1098 3105 1110 3167 ἓ

146 3441 153 3456 .
199 3391 226 3455 0
241 3411 314 3482 mea
327 3390 446 3474 pulcra,
460 3396 575 3476 putens
589 3391 693 3470 Veris,
712 3390 719 3479 Ι
737 3411 878 3477 quonam
892 3391 948 3456 sed
963 3389 1095 3456 abfuisti
1106 3393 1133 3453 t-

196 3502 286 3566 Num
300 3501 546 3568 comissabundo
560 3505 663 3569 sacros
683 3501 688 3590 Ι
708 3502 749 3567 ad
763 3502 904 3568 caelitum
919 3504 1071 3566 canores?

119 3622 122 3628 '
197 3612 346 3697 Namque
360 3613 411 3677 tui
425 3615 484 3698 qui
497 3616 561 3708 sub¹
571 3614 668 3680 viridi
687 3613 693 3702 Ι
712 3614 810 3680 dumo
824 3614 895 3680 soni
908 3614 1092 3699 loquuntur,

197 3725 321 3790 deus
335 3747 435 3791 ovans
449 3726 486 3790 in
498 3732 608 3794 monte
622 3732 706 3805 tuus,
726 3725 732 3815 Ι
751 3727 811 3792 sub
824 3726 910 3791 nube
924 3725 1038 3791 alauda
1053 3729 1193 3804 cantans,
