2896 4402
651 334 720 411 lwl'l'

142 582 173 644 4.
217 577 289 642 Alis
303 575 462 641 volturius
476 590 571 658 super
588 578 594 661 1
611 571 691 642 falso
705 575 832 656 pertore
845 571 986 655 plaudet,
1034 585 1037 592 ’

215 690 258 752 Et
271 669 496 753 vivi'sscalidum
509 684 606 768 lupus
623 685 629 768 Ι
645 681 747 767 linget
762 699 814 748 ore
829 703 979 748 eruorem.

215 801 316 864 Lebes
331 795 599 882 opprobriumque
614 814 738 878 semper
755 797 760 882 Ι
777 794 872 860 busto
886 789 1039 861 residebit
1051 795 1169 882 hujus;

216 912 319 976 Nemo
333 909 368 974 id
382 928 461 974 voce
474 906 529 990 pit
542 902 669 992 beslbit
684 925 789 990 neque
804 906 910 971 omine
924 907 1037 972 fausto.

217 1021 271 1085 Ab
286 1025 292 1086 1
311 1021 372 1086 hei
393 1020 510 1084 Famae
524 1016 573 1081 nil
587 1017 648 1082 erit
661 1017 738 1082 huie
752 1017 862 1083 bonae.
894 1031 896 1035 ·

635 1212 755 1296 [46]

276 1370 304 1432 1.
329 1449 330 1455 ἵ
348 1364 468 1430 Terieis
482 1363 644 1448 quondum
657 1362 729 1448 lyra
742 1383 824 1447 quae
838 1363 982 1448 profudit

305 1473 310 1484 ·
389 1476 492 1541 uuus
507 1475 648 1539 animam
663 1475 848 1553 camoenae,
1020 1455 1021 1458 ‘

349 1587 459 1652 Turieb
474 1607 561 1651 nune
575 1585 696 1670 pariete
710 1591 802 1650 mute
816 1587 943 1671 pendet,

378 1681 454 1764 Α11111
460 1695 622 1782 'tanquam
637 1677 744 1762 animi
757 1696 875 1783 fugati.

280 1811 309 1874 2.
355 1810 408 1874 Sic
422 1809 511 1874 ferox
525 1808 628 1873 virtus
642 1807 738 1892 periit
752 1807 901 1892 priorum,

393 1919 584 2003 Glorieeque
598 1924 716 1982 tremor
730 1918 866 2002 quiescit
880 1945 887 1983 z

352 2031 455 2097 Corda
470 2031 565 2109 enim,
580 2051 662 2114 quae
676 2030 747 2095 leus
762 2031 928 2115 quatiebat
942 2031 1027 2111 olim,

393 2143 490 2207 Nune
500 2163 611 2227 sopore
622 2143 732 2226 jacent
745 2143 879 2227 sepulta.

280 2256 309 2320 3.
352 2253 483 2340 Regulis
497 2273 564 2318 non
574 2255 643 2337 jum
656 2253 727 2337 lyra
741 2235 933 2338 feminisque
1020 2239 1022 2244 ¹

390 2359 579 2450 ‘'Splendidis
593 2365 708 2449 strepit
721 2364 780 2430 ille
793 2366 891 2430 Tame
903 2389 912 2445 ;

352 2478 527 2563 Rumpitur
540 2478 597 2542 sed
611 2482 705 2543 noete
719 2477 798 2542 udis
813 2478 956 2556 subinde,

396 2590 538 2654 Prodens
553 2609 621 2653 una
633 2610 707 2655 sues
721 2589 838 2654 ruinas.

149 2711 178 2790 J
235 2685 238 2690 ¹
284 2701 314 2764 4.
359 2699 412 2765 Sic
426 2701 506 2764 item
519 2687 619 2765 vitale
633 2700 709 2765 salit
722 2701 832 2785 rugato
948 2701 950 2706 ’

398 2811 542 2876 Libertas
556 2810 701 2877 revoluta
714 2833 834 2890 somno,

337 2916 338 2920 ’
356 2923 478 3006 Siquis
493 2922 664 3007 indignans
675 2925 767 3008 jecur
780 2925 849 3009 ipse
864 2925 992 3009 rumpit,

350 3067 353 3074 ·
398 3032 495 3097 sslam
508 3033 616 3098 vivere
631 3033 736 3098 adhuc
750 3033 903 3099 revelans.

644 3230 751 3312 [47]

287 3373 314 3435 1.
359 3372 411 3435 Eu
424 3379 546 3450 nemus,
561 3372 648 3456 quod
661 3393 789 3457 prorsus
804 3375 932 3439 emebat
946 3375 1011 3454 illa,

400 3481 648 3568 virgultumque
662 3484 750 3567 quod
764 3485 834 3569 ipsa
849 3487 938 3551 sevit.

359 3595 411 3658 Ε11
424 3594 496 3678 lym
509 3595 595 3674 baec,
610 3616 708 3680 quem
722 3598 920 3680 percutiebat
934 3599 1000 3679 illa,

403 3705 496 3772 Heu!
517 3706 697 3774 cantamine
712 3707 890 3774 faseinenti.
