2896 4402
775 331 824 400 80

502 559 627 638 Mortis,
641 559 689 624 nil
702 565 845 624 metuam
859 561 957 630 moli:

460 671 568 756 Hujus
582 691 657 735 nam
672 671 805 736 baculus
819 692 871 736 me
886 672 974 737 fovet
988 691 1025 738 ac
1038 673 1169 757 pedum.

211 749 242 804 γ’
374 861 376 866 Ι
501 782 552 846 Tu
565 800 671 846 coram
684 781 773 846 rabie
785 780 910 846 hostici

458 893 607 958 Mensam
621 891 668 956 mi
681 913 815 977 reparas,
831 898 927 976 atque
942 893 1012 959 oleo
1026 901 1123 979 ceput

501 1003 606 1088 Ungie
618 1028 625 1071 :
639 1008 678 1067 tu
691 1003 772 1066 mihi
784 1003 936 1086 poculum

456 1117 561 1200 Supra
573 1114 663 1181 labra
676 1115 769 1180 bonis
784 1115 908 1180 deliciis
922 1116 1033 1200 reples.

500 1228 592 1304 Sane,
607 1233 765 1312 quotquot
779 1232 874 1291 erunt
888 1227 964 1304 dies,

454 1338 576 1402 Vivum
591 1360 668 1404 cura
681 1339 745 1402 Dei
759 1359 810 1402 me
825 1338 1030 1403 comitabitur

499 1447 647 1514 Clemens
661 1473 668 1512 :
691 1449 782 1532 cujus
795 1448 832 1511 in
846 1448 935 1513 atriis

455 1561 588 1624 Gratum
602 1564 756 1643 perpetuo
772 1559 965 1624 constituam
980 1559 1118 1626 domum

568 1756 675 1838 [32]
756 1757 930 1819 runnu
963 1764 1012 1818 42.

496 1907 593 1971 81000
608 1911 646 1969 ut
661 1910 770 1990 captat
785 1907 930 1971 anhelitu

453 2019 574 2114 Cervus
588 2018 708 2083 flumen
723 2038 832 2101 aquae,
848 2019 894 2083 sic
909 2017 1035 2083 animus
1051 2037 1144 2083 meus

494 2131 538 2195 Te
553 2129 718 2207 desiderat,
735 2129 762 2193 Ο
778 2130 887 2194 Deus!

449 2240 611 2306 Vitalem*
626 2242 737 2306 sitiens
753 2243 841 2306 arida
855 2241 998 2325 quaerito

493 2355 556 2418 Per
570 2352 693 2418 deserta
707 2353 815 2418 Deum
829 2377 835 2416 :
850 2353 958 2416 Deum

449 2465 623 2548 Ecquando
638 2465 766 2530 obtuitu
780 2452 924 2548 simplice
938 2463 1098 2550 perlegam
1111 2466 1123 2528 i

492 2578 600 2642 Noctu
614 2595 733 2660 perque
748 2577 815 2641 dies
830 2577 926 2642 meris
1160 2554 1162 2559 ¹

448 2689 471 2752 J
472 2709 524 2752 am
537 2708 648 2752 vescor
660 2687 806 2766 lacrimis,
822 2689 900 2752 dum
913 2688 1061 2778 rogitant,
1077 2695 1199 2753 “meus

491 2800 563 2875 Quo
577 2799 746 2864 decesserit
760 2800 915 2864 Arbiter.’'

449 2912 580 2975 Mecum
594 2910 623 2975 si
632 2916 742 2994 repeto
756 2911 841 2989 talia,
856 2911 1003 2995 protinus

490 3024 554 3088 Cor
567 3023 743 3088 effimditur
756 3024 877 3089 intime.

448 3135 618 3212 Quondam
631 3157 770 3219 namque
785 3136 970 3202 aldericum
983 3135 1111 3221 pdpulo,
1126 3135 1181 3200 die

490 3246 592 3324 reste
608 3246 711 3312 laetus
726 3247 762 3310 in
777 3248 866 3312 atriis

445 3359 570 3424 Sanctis
585 3357 756 3436 astricum,
771 3358 993 3425 concelebrans
1006 3357 1062 3443 pit

488 3471 607 3536 Gratus
620 3490 698 3534 voce
712 3470 827 3550 Deum,
842 3471 957 3538 Deum

444 3582 473 3647 0
488 3602 541 3646 cor
553 3585 560 3645 1
574 3585 611 3646 tu
626 3580 705 3666 quid
720 3581 806 3646 enim
820 3588 853 3646 te
867 3581 1102 3675 pavidesgeris?

648 3727 661 3756 ⁸
678 3719 722 3778 As,
734 3718 825 3771 vitalis
837 3733 907 3770 eura.
