2848 4436
659 383 707 466 27

164 618 194 680 6.
240 617 348 693 Quum
358 618 428 700 jam
442 616 527 695 luna,
542 616 633 681 velut
647 616 696 681 sol
710 616 786 700 ipse,
801 615 937 700 resurgit
952 616 991 679 ab
1006 615 1102 680 undis

322 730 477 813 Augusta,
492 728 628 813 grandis,
644 727 752 791 lueida
761 751 770 807 ;

201 915 204 924 Α
234 841 400 925 Astraque,
416 840 566 903 lunarum
580 845 689 903 coetus
703 837 872 915 imitantia,
887 836 961 920 puri

323 950 554 1035 Crystallinum
568 947 705 1013 aetheris
721 953 837 1012 secant.

164 1063 191 1132 7.
237 1063 279 1130 Et
294 1063 372 1127 dum
386 1062 514 1126 flamma
529 1060 738 1144 superludens
753 1059 908 1123 mirabilis
923 1056 1025 1122 ambit

324 1173 489 1256 Quidquid
504 1171 633 1236 videtur
646 1171 799 1254 aequoris,

237 1285 402 1350 Indefessa
416 1283 523 1348 carina
538 1303 594 1347 suo
609 1281 768 1367 persulcat
783 1286 885 1345 aratro

320 1394 417 1458 Viam
431 1415 488 1478 per
501 1393 602 1478 igneis
617 1393 764 1476 liquidos.

162 1508 190 1568 8.
234 1505 398 1570 Austrinis
413 1506 453 1570 ab
468 1504 551 1589 agris
565 1505 692 1589 tepidae
707 1503 804 1588 quam
819 1504 961 1569 suaviter
974 1524 1076 1583 aurae,

319 1615 371 1680 Oh
384 1615 511 1692 Auster,
527 1607 658 1680 enatant
673 1620 748 1679 tuae
759 1619 765 1679 l

233 1727 380 1792 Succinei
393 1727 520 1811 tepidae
536 1726 642 1811 pelagi
657 1727 754 1811 quam
768 1729 908 1794 suaviter
921 1730 1026 1795 undae

318 1839 451 1922 Scaphis
466 1837 581 1922 apricis
596 1837 742 1906 defluunt
754 1842 804 1902 l·-

160 1953 187 2013 9.
234 1951 413 2015 Proclinate
428 1953 525 2033 eaput
540 1947 623 2014 celsa
638 1949 677 2013 de
692 1969 795 2031 nave;
817 1950 925 2016 videte

319 2061 543 2146 Spectaculum
557 2060 703 2125 mirabile
715 2085 768 2140 3-

232 2173 410 2257 Purpureas
425 2173 546 2237 eauteis
560 2173 625 2236 imo
640 2172 699 2236 sub
714 2171 837 2257 gurgite
853 2172 961 2250 claras,

316 2285 473 2368 Ostroque
487 2283 600 2348 rutilas
615 2284 748 2348 arbores.

135 2397 186 2459 10.
230 2397 281 2459 En
296 2417 422 2480 quoque
438 2395 626 2480 delphinum
641 2395 757 2466 festiva
770 2399 896 2458 caterva
910 2395 970 2459 sub
985 2394 1099 2460 undis!

315 2508 405 2571 Haec
419 2506 557 2591 gestiens
573 2505 739 2570 coralllnas

229 2617 291 2681 Per
305 2617 401 2683 silvas
416 2618 501 2681 ludit
514 2617 660 2702 magicas,
676 2637 757 2700 quae
773 2617 838 2681 sole
852 2616 999 2682 renident

314 2730 425 2794 Clarae
441 2749 500 2793 nae
514 2729 635 2794 mnbris
650 2730 811 2813 obtegunt.

108 2897 110 2901 ,
133 2839 184 2902 11.
229 2839 374 2923 Aspicite
389 2845 422 2905 et
436 2840 579 2917 conchas,
595 2846 633 2904 ut
646 2841 786 2924 plurima
800 2840 899 2924 serpit
913 2840 1016 2906 arenis

313 2951 508 3017 Pulcerrima
521 2954 557 3016 in
573 2953 740 3019 violaceis!

227 3063 254 3126 Ο
270 3063 369 3141 Mare,
385 3064 457 3147 quis
471 3064 588 3130 veteris
601 3065 714 3150 grenrii
727 3054 785 3129 tua
799 3065 993 3131 dimidiatim

312 3173 462 3238 Miranda
476 3173 589 3240 decdra
602 3176 751 3241 noverit?

128 3283 181 3346 12.
226 3284 284 3361 En,
299 3289 464 3370 tamquam
479 3286 581 3352 crines
596 3281 749 3368 Nereidis,
765 3288 864 3354 herba
880 3291 1003 3356 marina

309 3397 411 3462 Natat
424 3404 559 3464 tremore
573 3401 685 3464 mobili
698 3405 714 3480 ;'

225 3506 324 3591 cujus
339 3509 379 3572 ab
394 3508 527 3574 infernis
542 3512 723 3577 subtemina
737 3515 866 3579 coccina
879 3515 973 3593 saxis,

309 3621 411 3700 Elata,
425 3621 562 3706 pressa*
576 3623 753 3704 fluctuant3

246 3765 259 3792 ⁸
293 3757 386 3808 Pressa
396 3727 436 3808 lor
446 3759 586 3822 Dapressa:
602 3773 630 3809 sc
641 3759 724 3822 virgil
735 3761 825 3823 Georg.
836 3763 860 3821 2,
871 3762 927 3821 203,
938 3761 1001 3813 Aen.
1012 3766 1036 3823 4,
1048 3766 1088 3815 81.
