2848 4436
640 349 687 416 25

241 580 391 646 Visernus
406 578 569 656 Pelectna,
585 577 694 644 silenti
709 577 766 661 qui
780 577 869 642 sedet
883 597 943 653 ore,

327 689 716 775 Borealepersilentium.
1090 745 1096 758 ,

147 807 197 870 12.
243 805 302 869 Sin
314 825 372 870 vos
386 802 526 868 aestivae
541 801 644 866 dulcis
658 801 745 886 capit
759 798 880 864 halitus
894 817 988 862 aurae

326 913 530 979 Ferventiore
544 914 585 976 ab
599 932 742 996 aequore,

241 1016 338 1090 Illam
353 1025 437 1110 agite
452 1025 488 1102 O,
504 1025 618 1088 fortem
632 1043 759 1088 mecum
774 1021 975 1088 conscendito
990 1039 1116 1098 navem,

327 1137 371 1200 Et
383 1157 471 1202 mare
485 1156 681 1220 pererremus
696 1134 801 1200 simul

613 1389 720 1474 [10]

124 1587 154 1650 1.
200 1587 293 1650 Enoc
309 1586 406 1671 agite;
428 1587 512 1651 hanc
526 1586 641 1650 fortem
656 1606 771 1651 navem
787 1584 1007 1669 conscendite:
1028 1583 1068 1648 nd
1083 1602 1194 1648 uiuam

285 1699 335 1761 lu
347 1698 453 1781 pande
467 1697 540 1764 vela
552 1697 660 1762 libert.

199 1808 288 1872 Arva
301 1813 423 1874 remota
436 1808 518 1894 polo,
534 1815 665 1894 regnata
679 1809 790 1887 calore,
807 1814 963 1894 Petamne,

287 1920 372 1986 Ourt
385 1919 496 1985 relictui
510 1929 547 1986 nc
561 1921 682 2005 frigore.

124 2034 156 2096 2.
202 2031 347 2117 Surgitet
369 2031 544 2098 carchdriaa
558 2032 655 2116 piscis
669 2031 804 2116 vestigia
818 2031 910 2096 navis

287 2143 328 2206 In
343 2143 435 2227 aquis
449 2148 601 2228 sequatur
615 2144 749 2209 coerulis
763 2168 771 2207 ι

200 2253 347 2318 Flamina
360 2274 417 2338 per
430 2259 570 2333 ventosa,
585 2255 682 2319 maris
696 2275 792 2338 super
806 2253 915 2319 abdita
929 2273 1021 2330 saxa*

286 2366 382 2432 Retro
396 2372 506 2434 tamen
519 2386 585 2430 non
598 2365 761 2430 vertimur.

125 2479 156 2540 3.
203 2477 268 2541 Olli
283 2479 401 2557 confisi,
416 2479 483 2544 solo
498 2480 555 2563 qui
571 2478 703 2543 numine
717 2479 833 2542 fluctus

196 2661 203 2676 κ
286 2589 388 2654 Maris
401 2591 582 2655 tremendos
598 2590 762 2670 continet;

201 2701 364 2766 Oceanum
379 2710 550 2786 augustum
564 2703 746 2780 transvecti,
758 2702 868 2766 littora
881 2719 991 2782 gressu

286 2812 393 2897 Longe
407 2832 586 2897 prememus
600 2813 747 2897 plurima.

124 2921 158 2984 4.
202 2921 291 2985 Dum
305 2923 414 2988 stabili
428 2945 523 2989 cursu
536 2925 624 2990 rectt
636 2924 844 3009 procedimus,
859 2922 997 2988 Austros

286 3033 427 3112 Petente‚
442 3034 577 3120 desuper
591 3035 687 3100 simul

200 3142 323 3209 Clarius
339 3146 500 3228 expandet
514 3167 671 3212 cumeram
685 3130 858 3212 ferventior
872 3145 971 3210 altam

285 3257 439 3324 Caelestis
452 3257 556 3322 indies
569 3256 670 3341 polus.

122 3371 153 3434 5.
198 3369 250 3433 De
264 3375 357 3434 nocte
371 3369 407 3433 in
420 3375 549 3434 noctem
561 3365 679 3453 v'olupe
693 3374 743 3434 est
757 3367 938 3454 dignoscere
952 3385 1056 3450 porro,

284 3483 413 3566 Cyanee
426 3503 484 3567 per
498 3481 656 3558 sublimia,

198 3594 348 3678 Nigranti
362 3615 457 3678 super
471 3615 588 3659 oceano
603 3593 762 3660 radiantia
776 3593 859 3658 clare

285 3706 401 3789 Ignota
413 3701 506 3772 nobie
521 3707 624 3772 sidera
638 3731 645 3771 :
