2896 4402
652 305 723 374 109

635 565 743 652 [44]

191 771 220 832 1.
266 767 375 832 Ounno
389 770 428 830 ut
442 763 578 830 discolor
592 767 681 828 stuc
701 761 707 851 Ι
725 763 844 847 pendet
858 783 957 841 arcus,
974 765 1086 830 Ieme!

263 878 316 943 Sic
329 877 412 942 risus
425 874 568 940 lacrumis
580 875 643 941 tibi
661 871 667 962 Ι
684 860 837 940 miscetur
849 895 907 958 per
921 875 1044 941 ocellos.
1116 941 1119 948 ,

265 989 385 1055 Gandii
399 1010 417 1054 e
430 988 528 1052 radiis
542 993 655 1065 truces,
675 983 681 1073 Ι
699 984 777 1050 olari
790 986 969 1051 moestitiae
983 1007 1040 1070 per
1053 987 1195 1064 imbrem,

161 1124 164 1129 ·
263 1102 349 1166 Luce
364 1121 438 1165 cum
453 1098 550 1182 dubit
564 1099 615 1164 tui
633 1096 639 1186 Ι
658 1097 739 1164 soles
753 1098 833 1162 flent
848 1097 991 1163 orientes.

194 1327 222 1390 2.
267 1325 337 1390 Nae
351 1329 390 1389 tu
402 1329 495 1388 muta
508 1309 672 1388 doloribus
688 1319 694 1410 Ι
713 1343 838 1406 semper
850 1321 949 1400 flebis,
965 1323 1075 1388 Iernel

265 1435 431 1500 Ridenteis
446 1433 554 1499 oculos
567 1438 692 1517 premet
709 1431 715 1518 Ι
733 1432 866 1518 languor
880 1453 1011 1517 semper,
1028 1435 1140 1499 Ieme!

264 1548 377 1613 Donec
392 1567 426 1612 se
440 1545 522 1610 varii
536 1546 586 1609 tui
605 1543 610 1633 Ι
626 1545 764 1630 jungent
778 1545 874 1609 Iridis
887 1551 926 1610 ut
940 1545 1067 1623 colores,

266 1660 310 1723 Et
323 1659 416 1724 Pacis
431 1677 589 1723 commem
604 1662 729 1723 stment
747 1654 752 1744 Ι
771 1677 877 1734 unam,
892 1656 928 1720 in
940 1656 1064 1722 lumine
1078 1657 1139 1722 dio.

633 1914 746 1998 [45]

152 2115 180 2176 1.
227 2112 300 2190 Quo
315 2111 458 2195 quiescet
471 2130 581 2175 amans
595 2109 674 2188 loco,
694 2107 699 2198 Ι
718 2129 815 2193 quem
829 2109 946 2174 Parcae
959 2109 1044 2175 mole
1057 2115 1186 2195 raptum
1230 2091 1232 2094 ⁵

224 2223 323 2288 Fidae
337 2222 470 2308 virginis
485 2243 503 2287 e
518 2223 592 2287 sinu
610 2219 615 2310 Ι
635 2221 825 2306 disjungrmt
839 2221 909 2286 sine
922 2221 1009 2285 fine?

225 2335 297 2414 Qut
310 2335 377 2400 luci
390 2355 448 2419 per
461 2355 560 2419 opaca
574 2333 651 2399 celsi
669 2330 675 2420 Ι
693 2333 869 2418 longinqua
881 2333 1018 2418 remugit
1032 2333 1126 2411 unda,

224 2447 297 2526 Qut
311 2447 426 2512 crudae
440 2445 544 2512 violae
559 2447 678 2511 cadunt
697 2443 702 2534 Ι
722 2447 782 2512 sub
794 2446 968 2532 languente
983 2446 1102 2523 salicto,

224 2558 298 2622 Ah!
318 2557 403 2622 heu!
447 2558 503 2621 Illi
516 2557 614 2623 molle
628 2557 734 2623 cubile
748 2558 817 2623 crit.
1066 2646 1067 2652 Ι

151 2673 180 2734 2.
226 2670 292 2735 Hlo
306 2669 358 2735 die
374 2669 518 2734 aestifero
531 2667 619 2734 meat
637 2667 642 2757 Ι
660 2669 801 2735 rivorum
815 2669 921 2754 gelido
934 2691 1029 2749 aura3

226 2780 291 2845 ch
305 2781 412 2845 ventis
427 2780 666 2846 dominantibus
684 2777 690 2867 Ι
708 2781 766 2845 vix
780 2801 813 2846 se
827 2780 953 2866 virgula
965 2786 1075 2846 motat.

227 2891 293 2956 Hic
306 2896 347 2969 te,
363 2891 519 2975 conjugiis
533 2891 665 2976 negatis,
684 2889 689 2980 Ι
709 2897 838 2956 aeterna
852 2891 943 2976 quies
957 2891 1088 2970 tenebit,

225 3001 337 3067 Somni
351 3003 503 3086 compede
514 3003 633 3087 jugiter
651 3000 657 3090 Ι
675 3003 822 3074 vinctum
838 3004 943 3088 (eheu)
961 3004 1058 3069 nimis
1073 3002 1169 3069 arotd.

225 3113 301 3177 Ant
322 3113 406 3178 heu!
431 3173 435 3184 ,
450 3114 585 3178 Securus
600 3113 738 3180 nimium
752 3136 852 3199 sopor.

154 3228 182 3290 3.
229 3226 300 3303 Quo
313 3225 383 3290 loco
398 3225 575 3309 requiescet
588 3225 649 3303 hic,
670 3223 675 3313 Ι
694 3227 751 3311 qui
764 3227 873 3311 pellax
886 3227 1034 3294 malefidd

225 3337 349 3401 Nactus
363 3335 542 3420 virgineum
556 3341 671 3414 sinum,
691 3335 696 3425 Ι
715 3337 869 3422 relinquit
882 3340 1074 3425 spoliatam?

226 3449 268 3510 In
281 3445 391 3532 pugnat
403 3447 536 3532 trepido,
551 3468 681 3512 snorum
700 3446 706 3536 Ι
724 3451 785 3514 sub
799 3456 903 3537 strage
917 3452 1054 3537 fugaque
1068 3473 1206 3536 pressus,

228 3557 300 3637 Qut
313 3559 430 3624 Mortis
445 3558 567 3643 gemitu
581 3560 662 3624 feros
682 3557 688 3647 Ι
706 3560 819 3627 miscet
834 3563 922 3628 Mars
937 3557 1087 3629 ululatus.

226 3669 380 3734 notua!
424 3669 788 3755 manutenens!
840 3665 874 3684 ‘¹
927 3671 930 3678 ·
970 3649 975 3676 ¹
