2848 4436
163 607 191 668 2.
236 603 283 667 At
300 604 409 686 (prope
424 599 452 666 si
466 599 604 681 veniam)
622 619 794 682 suspensus
808 599 930 678 leniter,
945 608 1039 668 eece!

322 711 446 776 Puleris
461 709 576 774 duellis
590 709 708 774 arbiter

238 823 385 890 Considit
398 821 496 886 variis
510 821 690 904 tenorisque
705 823 862 890 coloribus
877 845 968 890 arcus

322 935 352 998 E
365 953 434 998 rore
448 938 557 998 textus
572 933 707 1000 aetheris.

167 1273 196 1336 3.
241 1270 335 1336 Celsa
348 1270 459 1335 cohors
474 1270 615 1348 fratrum,
629 1271 708 1354 pini,
722 1277 861 1338 stravere
876 1271 974 1337 cubili

326 1382 393 1447 Tuo
407 1381 518 1446 nuoeis
531 1382 568 1446 in
582 1403 676 1449 saxeo
687 1407 696 1463 ;

238 1495 364 1577 Perque
377 1498 468 1557 tuam
482 1493 633 1558 nebulam
647 1494 826 1560 lentissima
839 1495 992 1579 panditur
1005 1495 1056 1560 ala

326 1603 464 1688 Aquilae
479 1605 621 1670 natantis
635 1610 714 1671 itere.

241 1718 331 1782 Num
344 1717 378 1780 N
378 1722 470 1780 ature
482 1716 597 1800 parens
610 1718 733 1800 prolem
747 1717 810 1782 sibi
824 1718 951 1784 conscia
960 1719 1065 1802 jactat

327 1828 410 1892 Visu
425 1833 563 1892 creatam
576 1828 720 1912 pulcrius

241 1938 347 2017 Qubm
360 1945 401 2017 te,
417 1961 489 2024 quae
503 1941 605 2025 fulges
619 1942 779 2026 regnarier
789 1942 900 2020 inscia,
916 1943 990 2008 sede

327 2051 478 2115 Miranda
492 2072 617 2135 semper
629 2052 666 2114 in
680 2051 761 2116 tud?

168 2163 199 2227 4.
243 2161 418 2227 Servantur
434 2161 549 2245 (oredo)
566 2161 658 2226 tenui
672 2162 730 2226 vix
744 2162 894 2246 compede
908 2169 1036 2247 gressus

328 2273 477 2339 Astantis
492 2293 561 2338 oras
575 2294 634 2357 per
646 2279 727 2350 tues,

234 2386 285 2451 Ne
299 2389 389 2470 petat
402 2383 571 2450 immaneis
584 2405 714 2468 pessum
727 2385 887 2468 projeetus
902 2384 1032 2468 abyssos

327 2497 560 2580 Argenteorum
576 2495 741 2560 fluctuum.
938 2577 940 2581 ,

245 2608 324 2686 Quis
337 2608 418 2674 velit
432 2607 603 2691 explorare,
618 2612 675 2670 tuo
690 2605 747 2690 qui
761 2604 884 2690 gurgite
897 2605 933 2669 in
947 2605 1013 2670 imo

331 2719 500 2784 Mirandus
514 2719 643 2783 abditur
656 2718 765 2782 furor?

173 2947 202 3011 5.
246 2947 280 3010 N
280 2951 334 3011 ata
347 2945 451 3010 furore
465 2949 556 3028 potes
570 2944 729 3029 reputari3
752 2947 790 3006 tn
803 2948 913 3008 tamen
926 2962 979 3006 ore

333 3056 433 3121 Suari
446 3055 594 3122 renidens
609 3075 650 3120 ex
664 3054 756 3138 aquis

245 3167 372 3232 Abnuis
385 3167 504 3232 irarum
518 3166 612 3231 rixas.
657 3165 692 3230 Si
705 3163 847 3250 gignitur
860 3160 908 3227 aa

332 3277 541 3343 Modulamen
555 3275 651 3354 istud,
666 3276 796 3343 unicam
861 3318 866 3327 -

247 3389 317 3454 Nae
332 3394 365 3453 te
379 3388 565 3453 concordem
579 3387 704 3471 peperit
719 3384 882 3453 discordia.
927 3382 1056 3448 Montis

332 3497 530 3565 Sublimitati
543 3503 647 3584 nupta
660 3503 705 3577 tu,
