2896 4402
677 333 726 412 73

195 567 231 634 4.
277 563 368 630 Anni
381 561 525 630 luxuries
541 563 841 631 advenia-avolat:

275 676 364 742 0er
376 675 546 760 temperies
560 675 696 740 ventitur
710 675 819 741 inseiis
861 697 865 708 ·

275 789 451 854 Causarum
464 811 471 852 ε
493 793 603 854 tamen
618 793 668 853 est
681 787 816 872 imperio
830 785 912 851 mihi

316 901 411 966 Mens
425 901 608 986 regnanda:
631 900 737 965 animo
751 900 862 964 manet

359 1013 504 1097 Ingenuo
518 1013 715 1097 superandus
730 1032 846 1096 aegror.

645 1208 764 1292 [aa]

357 1343 521 1416 PULGRAM
532 1341 739 1408 Melbrbsiam
752 1338 850 1425 probe

314 1446 350 1510 Si
364 1450 506 1530 spectare
520 1445 607 1523 velie,
624 1447 683 1518 sub
694 1445 808 1528 jubare
822 1441 929 1508 elbido

355 1549 463 1614 Lunae
477 1549 580 1614 visere
595 1570 665 1614 eam
680 1550 772 1613 decet
785 1541 802 1612 ε’

312 1651 346 1716 N
345 1672 398 1716 am
411 1653 539 1718 nudans
553 1651 651 1716 radiis
666 1651 802 1716 aureolis
817 1650 884 1716 dies

354 1755 458 1820 Canas
472 1755 613 1840 fulgidus
628 1755 756 1819 aedium

309 1857 494 1922 Fractarum
508 1879 639 1924 veneres
655 1857 823 1942 opprobrio
836 1855 962 1942 premit.

291 2029 297 2040 ,
354 1961 417 2026 Sed
431 1966 530 2026 noctu
543 1960 613 2026 loca
627 1981 794 2045 permeans

309 2062 381 2128 Lux
394 2063 517 2128 incema
526 2063 612 2148 pluit
626 2063 741 2149 frigida
755 2063 908 2146 desuper3

350 2165 489 2250 Nigrant
503 2166 659 2251 fragmina
673 2166 838 2242 fornicum,

306 2267 350 2331 nt
363 2268 488 2353 virgata
502 2270 640 2334 fenestra
654 2269 772 2333 albicat
787 2271 918 2331 ennena

348 2371 430 2435 Mox
444 2371 611 2437 fulcimina
624 2372 787 2437 moenium

308 2473 444 2539 Alterna
458 2475 593 2560 aspicias
609 2482 665 2540 aut
679 2477 815 2540 ebenum
830 2477 888 2537 aut
909 2471 994 2549 ebur,

348 2577 440 2641 Tun'i
455 2579 593 2643 astantia
605 2579 764 2644 maximae

304 2678 501 2746 Diffmetae:
523 2682 613 2747 tenui
628 2689 661 2748 et
674 2681 817 2768 margine
832 2678 975 2745 eontinet

346 2783 418 2848 Lux
433 2789 581 2870 argentea
594 2807 704 2851 saxeas

304 2885 476 2972 Ambageis
491 2888 587 2968 vario,
610 2889 791 2974 scriptaque
806 2907 888 2972 quae
902 2886 1018 2980 docent

345 2988 444 3055 Reate
457 2990 565 3056 vivere
581 3013 637 3057 seu
651 2992 739 3056 mor'u

301 3089 338 3154 Si
352 3090 498 3158 demente
513 3095 625 3178 procul
638 3095 748 3159 Tueda
761 3113 838 3160 sono
852 3094 945 3172 furat,

343 3194 387 3258 Et
400 3197 503 3262 bustis
518 3197 621 3263 ululet
635 3219 731 3282 super

303 3295 394 3362 Bubo
407 3323 415 3379 3
437 3300 540 3366 visere
555 3305 634 3366 tuna
648 3305 680 3366 te
691 3302 789 3385 jubeo
804 3299 885 3366 sacri

344 3400 449 3467 Moles
464 3403 600 3469 Davfflis
615 3404 760 3482 inclutas,

301 3501 430 3569 Sblum:
452 3510 552 3591 tuque
567 3510 668 3573 redux
682 3508 773 3574 testis
788 3507 850 3573 eris
863 3505 946 3570 mihi

347 3609 382 3691 (J
382 3615 557 3696 metusque
571 3613 715 3696 quidem)
729 3612 819 3696 prius
848 3655 851 3664 ·

299 3707 379 3775 Tam
393 3711 503 3796 pulcre
517 3714 626 3780 tenere
639 3715 731 3780 triste
745 3715 843 3780 fuisse
858 3714 914 3780 nn
