2896 4402
669 371 738 452 107

644 643 756 724 [43]

161 839 189 901 1.
233 837 335 900 Larus
350 842 400 902 est
414 835 554 902 citharae
568 857 671 916 canor,
692 835 697 925 Ι
716 844 754 902 ut
767 837 901 903 victoria
916 839 1023 924 fulget,

233 947 369 1026 Quando
382 947 478 1013 lande
492 947 577 1014 novt
590 949 698 1014 fruens
718 947 724 1037 Ι
742 950 835 1015 heros
848 951 967 1035 gaudet
981 951 1102 1027 alacris,

231 1058 276 1123 Et
288 1058 418 1124 virescit
432 1059 569 1124 amantis
582 1059 619 1122 in
638 1057 643 1147 Ι
662 1061 766 1126 fronte
779 1061 920 1145 pendula
932 1061 1050 1138 laurus,

232 1170 375 1255 Alasqne
389 1192 430 1236 ex
443 1171 551 1257 galeae
566 1172 644 1236 facit
662 1169 668 1259 Ι
687 1172 791 1237 cristis
805 1173 875 1257 ipse
890 1173 1023 1257 Cupido.

161 1297 163 1304 '
275 1283 380 1368 Atqui
393 1283 422 1349 si
436 1284 519 1349 redit
533 1283 642 1362 hostis,
663 1283 668 1370 Ι
688 1287 828 1350 Rursum
841 1285 988 1370 provolat
1001 1285 1103 1362 heros,

362 1395 458 1460 Ensis
472 1416 549 1460 mox
562 1396 681 1460 iterum
695 1401 844 1461 strenuus
859 1397 994 1475 emicat3

275 1505 358 1570 Tum
372 1505 490 1571 strider
504 1506 647 1572 ferientis
667 1504 672 1594 Ι
692 1507 809 1572 Pectus
823 1508 960 1572 fascinat
973 1508 1076 1572 imum

361 1617 609 1702 clangentisque
623 1638 721 1683 sonus
736 1619 852 1683 Martis
867 1619 1014 1696 aheneus,

489 1727 584 1792 Mille
598 1728 655 1792 ubi
668 1721 745 1792 litui
759 1733 914 1813 strepunt.

231 1839 313 1902 Tum
326 1837 411 1902 redit
425 1837 565 1904 citharae
580 1859 683 1916 canor,
702 1837 708 1926 Ι
727 1845 766 1903 ut
779 1839 913 1904 victoria
927 1837 992 1916 tra,
1014 1836 1067 1904 &c

158 2066 187 2126 2.
232 2062 328 2128 Lenis
342 2067 455 2128 cantus
470 2068 537 2128 erat
551 2062 647 2147 lyrae,
667 2061 672 2152 Ι
691 2064 784 2128 heros
799 2064 876 2127 dum
891 2063 1063 2128 recubabat

231 2173 320 2238 ulna
333 2173 475 2239 suavlter
489 2175 629 2239 ambltus
648 2172 653 2262 Ι
673 2172 924 2239 *Pulcritudinis
939 2173 1019 2239 alba.

229 2286 358 2369 Myrtus
372 2285 505 2369 pensilis
518 2285 616 2370 hujus
631 2306 719 2350 arma
737 2283 742 2372 Ι
761 2285 948 2370 implicabat
962 2281 1076 2368 opima,

173 2409 175 2416 '
229 2395 457 2479 Cassidemque
471 2395 646 2461 columbuli
665 2394 670 2484 Ι
689 2418 747 2481 pro
761 2396 837 2462 nido
851 2397 1040 2462 retinebant.
1076 2445 1078 2450 .

273 2508 336 2573 Sed
354 2529 454 2592 quum
467 2529 577 2594 pugna
590 2506 747 2595 redibat]
766 2508 860 2573 vultu
874 2509 1016 2594 fulgurat
1030 2529 1108 2587 acer,

360 2621 491 2685 (lervice
506 2620 672 2685 excutiens
686 2620 818 2685 brachia
832 2621 975 2686 candida.
1104 2667 1108 2676 .

271 2730 388 2796 Aureis
403 2731 585 2816 evigilantis
605 2729 610 2819 Ι
629 2731 677 2796 nil
690 2731 790 2796 lactat
804 2733 868 2797 nisi
882 2732 1008 2810 clamor,

359 2844 607 2929 clangentisque
621 2865 718 2909 sonus
733 2844 849 2909 Martis
864 2845 1012 2922 aheneus,

445 2955 538 3023 Mille
553 2956 609 3020 ubi
622 2955 698 3019 litui
713 2960 867 3039 strepunt.

155 3181 183 3244 3.
228 3181 312 3244 Trun
325 3179 437 3245 molles
451 3180 587 3245 redeunt
599 3179 682 3244 fides
701 3177 706 3267 Ι
725 3184 798 3263 post
811 3180 904 3244 finita
917 3179 1037 3263 pericla
1049 3203 1057 3258 ;

226 3291 391 3376 Militique
405 3291 515 3357 Venus
530 3312 587 3356 suo
607 3289 612 3378 Ι
631 3291 812 3357 instaurans
827 3290 913 3355 alma
925 3289 1133 3372 triumphum,
1225 3287 1227 3292 ’

225 3403 346 3468 Lauros
360 3403 448 3468 illlus
463 3403 566 3468 aureis
587 3401 591 3490 Ι
611 3403 677 3468 suis
693 3402 833 3477 crinibus
849 3402 958 3480 ambit,

227 3515 290 3580 Pro
304 3514 444 3599 nidoque
459 3514 634 3580 columbuli
652 3511 657 3600 Ι
677 3514 788 3578 sidunt
802 3513 923 3578 casside
936 3512 1022 3576 teeti

176 3677 188 3703 ⁸
206 3666 263 3716 The
274 3665 366 3716 Latius
376 3680 455 3717 nevar
464 3664 595 3729 personily
604 3665 761 3725 hilaritudo,
772 3665 880 3714 because
890 3663 952 3726 they
963 3664 1027 3714 have
1039 3676 1135 3713 amore
1151 3662 1217 3713 solid

522 3745 731 3809 personiflcction
740 3745 770 3795 in
783 3744 873 3796 Venae.
