2848 4436
659 407 682 473 9

200 632 274 697 Vah
289 654 346 718 ego
360 632 462 698 merse
477 633 579 713 milis,
594 634 719 717 pridem
734 631 787 700 cui
801 653 890 699 cassa
903 617 1060 720 voldptas,

194 745 295 821 =Quod
310 743 374 809 cicc
388 744 561 821 marcescit,
578 751 738 816 curtante
754 745 928 829 amplector
943 750 1074 812 amore?

201 856 307 920 Imbre
322 854 399 922 licei
412 855 564 934 lacrimae
580 878 646 921 non
661 857 856 923 exsultantia
870 857 959 923 cordi

244 970 370 1034 Gaudia
383 969 558 1046 resciscam,
573 991 640 1034 non
653 989 785 1035 veneres
800 971 909 1036 oculis.

126 1084 155 1147 5.
199 1082 286 1146 Voce
300 1088 409 1146 tamen
424 1080 510 1146 solus
524 1081 718 1145 moribunda
731 1088 808 1146 vcia
822 1081 1021 1167 prdfundam,

242 1195 373 1259 Pectore
388 1195 448 1258 sub
463 1214 555 1258 caeco
571 1193 678 1258 tristia
692 1214 836 1278 quaeque
850 1213 1006 1278 premens.

198 1305 296 1370 Almia
309 1312 342 1370 te
357 1305 482 1389 periens
497 1305 589 1370 exsul
603 1325 695 1389 prece
710 1306 815 1384 donat,
832 1307 945 1371 Ieme!

242 1419 344 1495 Salve,
360 1423 471 1482 sancta
484 1438 606 1501 parens,
621 1417 758 1502 pristina
771 1425 856 1484 terra
869 1418 1018 1502 pdtmm!

199 1533 308 1608 Quum
322 1529 403 1592 milri
418 1529 510 1594 sistet
524 1529 622 1592 humo
636 1530 778 1615 gelidum
793 1549 853 1605 cor,
868 1548 970 1611 usque
984 1527 1131 1606 virescas,

200 1643 312 1708 Insula
326 1642 359 1705 in
376 1662 493 1706 oceano
508 1646 545 1704 iu
560 1661 642 1723 quae
657 1639 842 1705 dulcissima
856 1639 958 1722 fulges
971 1661 979 1718 ;

197 1756 241 1818 Ec
254 1758 366 1818 valum
380 1753 434 1836 pia
447 1773 523 1844 vox‚¹
536 1758 552 1784 ‘⁴
564 1751 666 1829 Salve,
683 1750 845 1816 carissima
861 1751 953 1815 Ieme
966 1754 973 1812 1

134 1853 138 1859 ’
241 1873 257 1897 “
269 1864 370 1940 Salve,
386 1868 477 1928 cara!
499 1865 616 1928 iterum
630 1863 655 1927 :”
678 1863 827 1928 concinas
841 1861 907 1926 alta
921 1862 1017 1945 lyrae.

624 2115 703 2198 [5]

241 2313 318 2376 Nox
334 2310 440 2376 media
454 2309 577 2393 allapsa
590 2317 639 2376 est
653 2333 660 2372 :
683 2309 781 2374 fuscis
796 2329 830 2390 ca
844 2308 1008 2373 montibus
1022 2309 1123 2373 instat

327 2423 438 2486 Lunae
452 2421 626 2484 rotundum
640 2419 781 2504 frigidae.

240 2533 412 2600 anrulcae
426 2532 601 2597 volvuntur
616 2553 738 2622 aquae3
760 2529 862 2616 super,
878 2529 977 2595 altera
989 2531 1132 2614 pendent

326 2646 468 2708 Extenta
481 2643 587 2728 pelagi
605 2642 737 2720 caerula,

242 2756 354 2821 Insula
368 2756 424 2821 ubi
438 2756 611 2821 indomitos
627 2755 764 2840 fulgores
778 2754 918 2839 plurima
927 2755 1029 2838 jactat

325 2869 437 2932 Mente
451 2869 570 2933 acriore
584 2867 729 2932 fervidos.

239 2979 328 3056 Quis,
343 2984 472 3043 tantum
487 2979 630 3044 obluitus
646 2977 853 3062 splendorem,
869 2978 1006 3063 despicit
1020 2978 1111 3056 infra,

327 3089 396 3154 Nec
411 3109 502 3174 aeger
516 3090 615 3154 animi
631 3090 760 3175 deperit,

239 3202 322 3266 Alaa
333 3207 487 3285 exoptans
502 3203 619 3286 quibus
635 3203 747 3280 avolet,
762 3202 797 3266 in
808 3203 904 3287 jubar
917 3203 998 3267 illud

328 3312 368 3377 Se
383 3313 613 3396 sempiternum
627 3319 666 3377 ut
678 3313 833 3378 misceat?

240 3423 383 3500 Caerula,
398 3443 487 3506 pura,
503 3445 613 3489 serena
626 3425 777 3508 jacebani
791 3444 935 3510 aequora,
949 3410 1086 3506 atroque

325 3533 366 3598 ln
379 3534 494 3612 littore,
510 3536 612 3602 instar
626 3537 781 3616 aetheris;

239 3646 282 3708 Ec
296 3645 352 3710 vix
367 3644 530 3730 disjiciens
545 3633 705 3714 undarum
720 3648 816 3713 crista
828 3645 955 3730 lapillos

323 3761 489 3844 Crepcbai,
504 3765 544 3823 ui
557 3758 645 3825 rivus
662 3758 776 3823 brevis.
