2848 4436
643 327 687 392 31

127 551 178 613 20,
225 549 408 614 Ρ11111111111
423 551 522 617 elatas
538 573 578 618 ex
592 555 755 621 montibus
771 557 877 642 aspice
890 561 973 626 fissis

309 663 453 730 Sublime
465 685 610 750 proceras
626 688 739 732 1111111.

221 775 280 851 En,
296 775 408 859 qualis,
424 776 527 841 calido
541 777 607 842 sole
622 779 800 858 scandente,
815 781 939 848 renidet

308 885 429 969 Aprica
442 887 536 952 vallis
551 890 735 972 subjacens!

128 996 179 1058 21.
226 996 394 1080 Progenies
408 999 566 1063 Austrina
579 1005 695 1079 tamen,
710 1021 820 1068 secura
835 1003 974 1069 calorum

241 1182 245 1192 Α
310 1109 447 1174 Meridie
460 1111 671 1196 flagrantium

222 1220 364 1284 Ventoso
380 1221 521 1305 dispersa
534 1223 630 1287 1111111
646 1225 706 1288 sub
720 1224 827 1291 littore
841 1225 935 1312 longe

311 1333 443 1398 Sursum
458 1334 604 1400 deorsum
620 1335 760 1400 cursitat.

128 1445 179 1507 22.
226 1444 343 1522 Quales
359 1451 546 1530 assurgunt!
566 1447 690 1532 magica
704 1454 753 1514 est
766 1449 853 1534 regio
867 1449 945 1534 ipsa.
990 1451 1166 1537 Magister!

310 1552 382 1618 Hoc
395 1555 431 1618 in
446 1555 520 1620 sinu
533 1556 604 1639 jace
619 1577 765 1622 ancoram
777 1563 784 1622 1

225 1666 395 1750 Quumque
409 1667 487 1732 locis
502 1667 664 1751 paulisper
678 1669 714 1732 111
727 1669 778 1733 his
794 1689 896 1735 errare
910 1670 1055 1750 velimus,

114 1863 121 1874 ⁸
286 1784 289 1790 '
309 1779 481 1844 Detrudite
495 1781 583 1844 ocius
598 1781 766 1865 scapham!

130 1891 181 1953 23.
227 1891 289 1954 Per
302 1890 399 1955 silvas
413 1895 543 1969 veteres,
559 1913 616 1975 per
631 1893 718 1956 culta
731 1893 919 1978 vagabimur
933 1913 1015 1973 arva,

313 2002 380 2065 Sub
393 2002 460 2068 vite
474 2003 716 2069 considebinrus.
796 2060 806 2084 ,

226 2113 289 2176 Lac
304 2113 394 2177 cocui
407 2135 527 2196 purum
538 2116 728 2198 potabimus,
744 2121 840 2198 atque
855 2137 1042 2182 ananassam

314 2226 487 2309 Carpemus
502 2246 543 2289 ex
556 2225 655 2289 humo
669 2225 834 2310 integram,

130 2339 181 2401 24.
226 2338 387 2401 Arboreus
401 2337 502 2421 panis,
517 2337 756 2424 rubicundaque
771 2336 910 2420 plurima
923 2339 1026 2416 bacca,

303 2447 409 2512 Radix
430 2448 696 2532 farinirlentaque,

226 2558 439 2642 Suppeditant
453 2560 582 2643 epulas:
604 2560 733 2626 hilareis
748 2581 887 2646 namque
901 2581 969 2626 esse
984 2561 1107 2627 decebit
1224 2567 1226 2570 ’

313 2671 381 2734 1111
396 2671 455 2734 sub
470 2691 529 2735 axe
544 2671 672 2736 scilicet.
742 2723 743 2728 1

116 2784 181 2847 ’21
228 2783 296 2847 Nos
310 2783 401 2846 velut
414 2782 561 2866 Elysium
575 2783 629 2848 hic
644 2783 802 2862 Australe,
817 2783 875 2848 ubi
888 2783 981 2848 littus
996 2805 1134 2868 agerque

312 2893 492 2970 Laetantur,
507 2898 595 2958 ecce!
617 2893 807 2959 invenimus.

226 3006 291 3070 Hic
306 3007 404 3072 semel
418 3007 545 3086 adsisto,
560 3029 726 3091 nunquam
739 3007 900 3073 rediturus
915 3006 1025 3073 eodem
1039 3033 1058 3087 ε,

312 3120 414 3183 Tanta
428 3123 477 3184 est
489 3117 553 3183 loci
566 3118 836 3203 longinquitas.—

131 3233 181 3295 26.
227 3231 376 3295 Austrini
389 3229 509 3295 tractus
524 3213 714 3314 pudcemima
728 3231 869 3296 vidimus
884 3253 966 3308 arva,

314 3341 533 3425 Hominesque
547 3363 696 3425 mareque
711 3347 744 3406 et
758 3343 879 3408 insulas
893 3368 900 3407 :

227 3455 365 3537 Jamque
379 3457 462 3517 retro
476 3457 600 3530 terram,
616 3473 697 3536 quae
712 3453 919 3519 dilectissima
932 3459 1031 3519 restat

292 3563 401 3642 Nobis,
416 3570 563 3647 petamus
578 3563 737 3648 Angliam.
