2864 4406
179 597 206 644 c.
236 577 415 645 Lustrantis
430 577 530 642 oculis
547 577 620 643 avie
634 577 774 644 saltuum
788 583 821 643 et
835 577 901 643 alte
914 577 1080 655 montium,

190 683 193 688 ’
234 688 394 774 captantis
410 709 492 767 cure,
507 710 587 773 quos
601 688 693 754 fluvii
707 687 845 774 stuporis
859 689 952 774 proni
967 689 1114 755 cadentes

234 805 386 866 assonant
399 800 512 866 mistos
527 800 678 884 strepitus
693 799 819 884 aquilos
833 800 1029 866 stridoribus.

141 889 146 900 ’
177 931 208 976 1).
237 911 340 998 Luget
353 910 442 976 locus
457 910 642 995 caelumque
655 910 751 996 luget,

319 1043 480 1088 murmure
495 1022 717 1107 contrepidans
732 1043 893 1106 equarum.

10 1259 11 1266 ’
119 1251 146 1312 2.
172 1265 202 1310 A.
233 1245 376 1312 Sublimc
390 1267 465 1311 vcro
479 1267 521 1314 eo
530 1246 621 1311 triste
635 1246 719 1310 fuit:
739 1267 860 1312 vacuus
875 1245 965 1311 cultu
978 1245 1084 1311 virum

231 1357 371 1423 mundus
385 1359 549 1442 premebat
563 1378 623 1436 eor,
637 1357 807 1442 oculosque
822 1357 976 1441 fatigabat
990 1356 1152 1422 dolenteis.
1221 1331 1232 1353 l

173 1488 201 1535 s.
231 1468 315 1536 Sene
329 1490 430 1535 novce
447 1468 626 1552 (formidine
641 1467 748 1534 nescio
762 1467 838 1553 qui)
856 1487 949 1534 curse
964 1472 1058 1532 tuum

231 1601 361 1666 coepere
374 1585 487 1666 pectus
500 1599 626 1665 carpere
640 1578 772 1645 tristitie
785 1585 910 1646 motum
924 1579 1011 1644 sccrt
1023 1604 1031 1659 3

229 1691 419 1777 preestbquc
434 1691 565 1777 quaevis
579 1691 664 1757 lecte
677 1691 739 1756 tibi
753 1713 826 1758 csse
840 1692 996 1758 silvestris
1011 1692 1130 1768 fuisset,

174 1819 201 1866 c.
232 1802 360 1889 siquid
374 1807 499 1869 notaret
512 1803 620 1868 vivere
635 1801 739 1867 adhuc
752 1801 907 1880 homines
921 1802 975 1867 vel
990 1802 1159 1868 sordidum.

230 1914 325 1980 Fumi
338 1913 476 1979 libenter
489 1913 685 1997 conspiceres
699 1912 867 1996 glomerari
880 1913 1033 1979 vorticem
1046 1937 1053 1992 ;

229 2027 333 2111 gellus
346 2024 500 2088 libentem
513 2029 547 2088 te
560 2022 749 2105 strepitante
763 2023 876 2088 citaret
889 2024 1013 2108 gaudio,

173 2151 205 2200 12.
234 2133 392 2218 Puerique
407 2131 534 2197 turbido
548 2132 680 2199 boantes

319 2244 444 2330 agmine
458 2245 518 2310 sub
532 2243 629 2310 viridi
642 2245 763 2311 salicto.

116 2472 144 2535 3.
167 2487 197 2535 A.
227 2471 393 2537 Pertentet
405 2470 468 2536 isto
481 2470 680 2537 multimodis
694 2471 803 2536 feritas
817 2477 952 2557 auguste
966 2493 1019 2537 cor

229 2580 363 2660 horrore,
379 2602 474 2666 quem
489 2582 625 2667 suspirio
638 2583 796 2669 religiosa
809 2603 885 2649 mox
899 2590 1053 2650 serenent.

172 2711 199 2757 Β.
229 2696 286 2759 Me
300 2694 364 2760 tale
379 2695 458 2780 quid
470 2696 587 2782 pungit
600 2717 697 2783 prope
712 2697 893 2763 Rcunbchis
908 2695 1034 2761 obscuri
1047 2695 1131 2761 lectis
1146 2720 1153 2758 :
1174 2707 1182 2723 ’

230 2807 391 2874 Glenobve
404 2808 479 2876 telis
493 2809 622 2874 flamme
635 2814 725 2895 nlgro
739 2813 830 2893 nlgm
844 2807 946 2872 fervet
958 2806 1086 2892 gaudii:

228 2917 288 2996 vel,
304 2919 466 2984 confluens
480 2920 540 2983 sub
554 2919 705 2985 ulteriore
718 2920 804 2986 ferus
818 2919 1049 3005 septentrionis,

171 3043 199 3091 o.
229 3027 309 3093 Sues
323 3030 381 3092 ubi
395 3035 489 3094 osnes
504 3029 662 3096 Embolius
677 3031 823 3116 objuuget
837 3051 1005 3097 cavernas:

229 3138 293 3218 sed,
309 3160 441 3205 corones
452 3139 611 3224 judicium
625 3141 708 3206 mihi
723 3142 752 3207 si
764 3143 834 3208 veti
848 3142 949 3220 cadet,

228 3251 377 3318 immunis
393 3273 479 3318 orem
493 3253 662 3318 terrificam
675 3274 774 3338 penes
787 3253 878 3320 illem
891 3253 962 3320 leus
976 3251 1092 3328 minet,

172 3377 203 3425 n.
234 3362 296 3428 Oui
310 3367 420 3427 torvus
435 3362 572 3448 assurgit
586 3363 727 3443 culinus,
840 3432 843 3439 ,

315 3472 465 3540 fluctibus
481 3479 514 3540 et
527 3474 637 3540 reboet
652 3474 800 3542 (loriskis.
