2848 4436
628 328 671 394 19

182 553 288 632 Quam
302 575 405 638 neque
419 555 548 618 flamma
561 555 657 639 fugat,
673 575 732 620 nee
745 555 911 640 praepedit
924 555 1032 636 unda3
1047 555 1103 622 sed
1117 554 1195 640 ipsis

225 665 371 728 Validiur
384 665 550 730 elementis
563 666 658 750 viget,

180 775 224 839 Et
237 776 301 840 lete
317 782 386 840 sela
399 776 484 840 laeta
497 798 612 842 vorans
626 777 779 854 interrita,
795 776 902 842 Solem

225 886 443 952 Meridiunum
458 888 632 953 obnubilat.

607 1144 687 1227 [8]

103 1339 133 1400 1.
183 1338 211 1400 O
226 1358 314 1402 mare
328 1338 507 1403 coeruleum
520 1344 677 1422 vegetum,
691 1338 848 1404 letissime
862 1340 970 1404 fusum

269 1449 455 1533 Perspetia,
471 1471 594 1534 semper
607 1451 744 1516 liberum
757 1474 765 1530 ;

180 1559 230 1622 Tu
244 1561 392 1643 palulum
406 1562 488 1626 eires
501 1561 625 1626 telluris
639 1561 776 1629 volveris
792 1564 907 1642 orben,

269 1672 391 1756 Expers
405 1673 525 1756 ubique
539 1672 675 1738 termino
688 1697 741 1752 3-

183 1780 246 1844 Vel
261 1781 345 1845 caelo
360 1781 521 1859 minitans,
537 1781 701 1850 colludens
715 1785 906 1864 nube-vel
918 1786 1028 1853 insons

271 1897 409 1961 Infantis
424 1896 525 1960 instar
539 1894 705 1961 dormiens.
819 1947 820 1950 η

107 2012 139 2073 2.
188 2009 265 2070 Jam
274 2007 533 2091 superingredior
546 2006 643 2070 meris
658 2026 783 2090 aequor,
799 2007 935 2072 amabile
950 2027 1073 2090 semper

272 2120 315 2182 Et
331 2138 455 2201 semper
468 2117 504 2180 in
518 2116 603 2180 votis
617 2115 706 2180 mih'n

185 2229 338 2312 Undique
353 2233 468 2294 cuneta
482 2233 607 2307 taeent3
631 2233 726 2311 atque
742 2229 856 2307 omnia,
872 2228 1013 2312 desuper,
1029 2227 1120 2304 infre,

273 2343 394 2404 Purum
408 2339 550 2405 relucent
565 2339 735 2403 coerulum.

185 2451 219 2514 N
220 2471 255 2514 ee
270 2451 370 2527 refert,
385 2470 471 2513 mere
486 2449 515 2513 si
528 2453 652 2512 tumeat
666 2452 814 2532 surgente
827 2447 986 2532 procellel5

274 2563 340 2646 Ego
355 2567 466 2626 vectus
481 2561 600 2625 etenim
615 2560 778 2626 dormiam.

104 2680 137 2741 3.
188 2675 245 2738 Me
256 2675 357 2756 juvat,
374 2673 401 2736 Ο
417 2671 553 2736 nimium
566 2676 572 2736 Ξ
593 2692 651 2756 per
665 2693 763 2755 aquas
778 2671 921 2756 equitare
934 2672 1072 2750 feroeeis,

275 2787 412 2870 Spumas
428 2789 460 2848 el
473 2783 578 2847 undae
592 2782 737 2847 turbidas
749 2807 758 2863 ;

187 2901 278 2978 Quae
292 2897 385 2961 modo
401 2895 558 2961 suffundit
571 2895 683 2959 lunam
696 2895 823 2974 finiose,
834 2895 929 2960 modo
945 2895 1008 2960 alte

275 3011 383 3074 Refert
396 3007 552 3092 procellae
567 3005 685 3084 sibilos,

188 3125 300 3207 thue
313 3120 453 3184 habeant
467 3138 501 3182 se
514 3137 563 3182 res
578 3117 662 3181 infra
674 3117 872 3200 pronunciet,
888 3122 921 3184 et
935 3139 992 3184 our

276 3229 414 3294 Effrenis
427 3227 555 3292 Africus
569 3227 662 3291 furat.

105 3351 140 3413 4,
190 3341 367 3406 Litteribus
383 3339 507 3422 quoties
521 3338 557 3400 in
570 3337 673 3402 brutis
688 3339 837 3424 segnibus
852 3345 928 3418 asl0,

279 3453 386 3538 Magis
399 3472 486 3515 mere
500 3450 611 3534 ingens
626 3449 732 3536 diligo.

191 3565 284 3630 Sicut
299 3567 373 3640 avis,
389 3583 471 3646 quae
484 3563 596 3628 metris
611 3568 698 3627 emat
710 3563 803 3644 utre,
818 3563 915 3649 hujus
930 3563 971 3629 ad
985 3564 1063 3630 uber

281 3673 364 3739 Vols>
377 3673 587 3759 procellosum
601 3680 692 3744 tetre
