2864 4406
120 822 151 886 1.

438 615 544 706 [59]
642 620 891 698 (Dictyramaa.)

194 819 308 883 Veris!
329 837 371 883 en
387 821 510 901 potens,
525 815 639 881 venio:
658 813 664 902 Ι
683 814 741 879 diu
755 835 849 899 saepe
862 821 984 895 vocata,

193 931 280 994 Luce
291 928 396 994 cincta
410 949 447 993 aa
462 948 560 992 suave
574 947 699 1003 canens,
719 923 724 1012 Ι
744 926 867 990 cunctis
882 927 1015 993 collibus
1031 930 1151 997 adsum.

196 1040 460 1125 Expergiaeentes
474 1060 531 1124 per
544 1042 634 1123 agros
653 1036 658 1125 Ι
677 1038 796 1122 pedum
810 1038 900 1123 signa
914 1061 1057 1105 meomm

197 1153 360 1217 Monstrat
373 1172 457 1229 aura,
473 1151 537 1234 quat
551 1149 655 1214 violae
674 1148 679 1236 Ι
698 1153 791 1214 natae
806 1159 1099 1232 commemorantur,

196 1264 359 1328 Monstrat
372 1263 524 1328 herbosas
537 1263 665 1326 radians
685 1260 690 1348 Ι
708 1263 839 1326 umbrae
853 1264 992 1347 primula
1005 1267 1096 1346 veris,

197 1375 337 1441 German
350 1380 384 1440 et
397 1375 512 1452 virens,
526 1374 608 1437 mihi
623 1394 657 1438 sa
675 1371 680 1460 Ι
699 1374 842 1458 pandens
856 1379 1078 1459 praetereunti.

147 1649 154 1663 .
198 1545 351 1664 Meridiei
364 1597 485 1683 patulis
504 1596 509 1685 Ι
529 1597 683 1662 exhalans
698 1599 901 1690 superarvis

198 1709 306 1773 Silvae
320 1709 422 1772 affudi
436 1714 603 1774 castaneae
622 1706 627 1794 Ι
642 1690 735 1773 ΙπιὶῙΙθ
749 1709 853 1773 millia
866 1711 1001 1790 florum;

199 1819 387 1902 Passimque
401 1819 438 1882 in
452 1819 572 1902 campis
588 1819 681 1883 Italis
701 1817 706 1906 Ι
724 1819 831 1884 virum
845 1821 949 1904 prisca
964 1811 1110 1905 sepulcra

134 1945 137 1949 ’
199 1929 417 2014 Dilapsaeque
431 1929 524 1994 aedes
538 1929 634 1992 viridi
653 1927 658 2016 Ι
677 1929 784 1994 nitent
797 1936 882 2010 tecta
897 1932 1017 1996 coronat.

128 2378 158 2443 3.

203 2043 268 2107 Sed
280 2063 333 2107 me
343 2044 495 2126 juventas
508 2041 663 2124 prohibet,
683 2039 688 2128 Ι
707 2041 832 2124 replens
846 2047 989 2109 membra
1001 2047 1116 2131 vigore,

201 2154 254 2219 Ne
267 2153 307 2219 de
320 2152 423 2216 ruinis
437 2153 609 2216 memorem
628 2149 633 2239 Ι
652 2153 789 2231 moestis,
805 2175 886 2221 neve
901 2157 1053 2240 sepulcro,

203 2378 246 2441 In
258 2375 450 2462 procellosos
464 2375 583 2440 Boreae
603 2373 607 2464 Ι
627 2376 736 2441 culleis
751 2377 941 2460 despicienti

203 2487 302 2554 Cirris
314 2488 476 2551 fimbriata
488 2488 570 2552 lirin
589 2485 593 2575 Ι
612 2488 709 2553 lentis
724 2509 757 2554 se
772 2489 853 2552 mihi
864 2492 985 2574 jaatat3

165 2627 171 2640 ·
201 2600 341 2684 Jamque
354 2600 494 2684 piscator
506 2622 564 2685 per
578 2623 676 2686 aquas
693 2599 700 2690 Ι
720 2607 871 2687 evagatur
885 2602 1015 2685 aprione,

203 2712 248 2775 Et
261 2732 375 2777 vernos
389 2713 542 2777 terendus
557 2735 646 2798 agros
666 2713 670 2802 Ι
689 2714 846 2799 persultat
859 2715 940 2798 pede
954 2714 1043 2778 iiber.

204 2823 306 2888 Pinus
321 2829 354 2889 et
367 2824 457 2888 lautia
471 2825 551 2890 facie
571 2823 575 2912 Ι
594 2827 737 2891 molliore
751 2826 887 2904 virescit,

131 2967 135 2980 ·
205 2935 249 2998 Et
261 2955 391 3000 museus
405 2935 542 3014 nitescit,
558 2936 614 3000 ubi
631 2936 637 3024 Ι
655 2959 746 3003 meus
759 2959 816 3022 pes
831 2937 1016 3022 perdomavit.

132 3158 164 3221 4.
208 3157 271 3222 Per
284 3157 386 3222 saltds
399 3159 502 3222 vireta
516 3159 612 3225 labris
632 3158 637 3247 Ι
656 3182 766 3225 auram
781 3161 903 3227 fervida
916 3161 997 3239 misi,

207 3270 298 3347 Quae
312 3271 399 3335 caelo
414 3271 454 3336 de
468 3292 628 3355 purpureo
648 3270 652 3359 Ι
672 3293 783 3337 vocem
797 3293 957 3356 quamque
972 3272 1089 3352 cievit3

207 3379 283 3445 Sive
296 3401 394 3464 quam
408 3387 565 3446 nocturna
579 3388 671 3446 sonat
690 3380 695 3469 Ι
714 3382 787 3446 luco
802 3390 913 3468 arguta
926 3373 1050 3468 tepenti

208 3492 251 3555 In
263 3491 379 3557 insulis
394 3493 609 3577 Hesperidum
629 3490 633 3580 Ι
653 3494 762 3558 subter
776 3500 861 3559 astra
874 3495 1033 3574 volicris3

208 3602 284 3667 Sive
297 3623 396 3686 quam
409 3603 561 3687 palustris
576 3604 643 3668 olor
661 3587 668 3690 Ι
686 3604 798 3668 Insuld
812 3605 847 3668 in
862 3605 999 3676 Glaciali

210 3713 346 3800 Olangit,
360 3720 400 3780 ut
414 3721 573 3780 recentem
583 3715 674 3783 abies
694 3715 699 3803 Ι
718 3716 818 3780 sumit
832 3715 922 3800 nigra
935 3716 1079 3780 virorem.
