<?xml version="1.0" encoding="UTF-8"?>
<!DOCTYPE html PUBLIC "-//W3C//DTD XHTML 1.0 Transitional//EN"
    "http://www.w3.org/TR/xhtml1/DTD/xhtml1-transitional.dtd">
<html xmlns="http://www.w3.org/1999/xhtml" xml:lang="en" lang="en">
 <head>
  <title>
</title>
<meta http-equiv="Content-Type" content="text/html;charset=utf-8" />
  <meta name='ocr-system' content='tesseract 3.04.00' />
  <meta name='ocr-capabilities' content='ocr_page ocr_carea ocr_par ocr_line ocrx_word'/>
</head>
<body>
  <div class='ocr_page' id='page_1' title='image "./translationseng00unkngoog_0114.png"; bbox 0 0 2896 4402; ppageno 0'>
   <div class='ocr_carea' id='block_1_1' title="bbox 616 681 727 767">
    <p class='ocr_par' dir='ltr' id='par_1_1' title="bbox 616 681 727 767">
     <span class='ocr_line' id='line_1_1' title="bbox 616 681 727 767; baseline -0.027 0"><span class='ocrx_word' id='word_1_1' title='bbox 616 681 727 767; x_wconf 78' lang='lat' dir='ltr'><strong>[aa]</strong></span> 
     </span>
    </p>
   </div>
   <div class='ocr_carea' id='block_1_2' title="bbox 309 904 936 1766">
    <p class='ocr_par' dir='ltr' id='par_1_2' title="bbox 309 904 936 1194">
     <span class='ocr_line' id='line_1_2' title="bbox 309 904 810 990; baseline -0.002 -19"><span class='ocrx_word' id='word_1_2' title='bbox 309 911 336 972; x_wconf 92' lang='lat'><strong>1.</strong></span> <span class='ocrx_word' id='word_1_3' title='bbox 381 907 500 970; x_wconf 74' lang='lat' dir='ltr'><strong>Annam</strong></span> <span class='ocrx_word' id='word_1_4' title='bbox 513 904 638 970; x_wconf 74' lang='lat' dir='ltr'><strong>retrahe</strong></span> <span class='ocrx_word' id='word_1_5' title='bbox 651 905 810 990; x_wconf 81' lang='lat' dir='ltr'><strong>paginam,</strong></span> 
     </span>
     <span class='ocr_line' id='line_1_3' title="bbox 378 1015 936 1099; baseline 0.004 -18"><span class='ocrx_word' id='word_1_6' title='bbox 378 1018 468 1081; x_wconf 89' lang='lat' dir='ltr'><strong>Dum</strong></span> <span class='ocrx_word' id='word_1_7' title='bbox 481 1015 593 1099; x_wconf 84' lang='lat' dir='ltr'><strong>scripti</strong></span> <span class='ocrx_word' id='word_1_8' title='bbox 605 1016 732 1080; x_wconf 77' lang='lat' dir='ltr'><strong>macula</strong></span> <span class='ocrx_word' id='word_1_9' title='bbox 745 1024 846 1082; x_wconf 71' lang='lat' dir='ltr'><strong>vaona</strong></span> <span class='ocrx_word' id='word_1_10' title='bbox 931 1029 936 1036; x_wconf 90' lang='lat'>&#39;</span> 
     </span>
     <span class='ocr_line' id='line_1_4' title="bbox 382 1126 770 1194; baseline 0.003 -2"><span class='ocrx_word' id='word_1_11' title='bbox 382 1130 483 1194; x_wconf 77' lang='lat' dir='ltr'><strong>Istam</strong></span> <span class='ocrx_word' id='word_1_12' title='bbox 498 1126 642 1191; x_wconf 83' lang='lat' dir='ltr'><strong>callidior</strong></span> <span class='ocrx_word' id='word_1_13' title='bbox 656 1148 770 1193; x_wconf 81' lang='lat' dir='ltr'><strong>manus</strong></span> 
     </span>
    </p>

    <p class='ocr_par' dir='ltr' id='par_1_3' title="bbox 380 1215 844 1653">
     <span class='ocr_line' id='line_1_5' title="bbox 422 1215 798 1320; baseline 0.003 -18"><span class='ocrx_word' id='word_1_14' title='bbox 422 1215 472 1303; x_wconf 79' lang='lat' dir='ltr'><strong>Ac</strong></span> <span class='ocrx_word' id='word_1_15' title='bbox 485 1237 687 1320; x_wconf 74' lang='lat' dir='ltr'><strong>tranquillior</strong></span> <span class='ocrx_word' id='word_1_16' title='bbox 701 1245 798 1303; x_wconf 71' lang='lat' dir='ltr'><strong>ornet.</strong></span> 
     </span>
     <span class='ocr_line' id='line_1_6' title="bbox 380 1347 836 1432; baseline 0.004 -20"><span class='ocrx_word' id='word_1_17' title='bbox 380 1349 414 1412; x_wconf 87' lang='lat' dir='ltr'>N</span> <span class='ocrx_word' id='word_1_18' title='bbox 414 1370 467 1413; x_wconf 83' lang='lat' dir='ltr'><strong>am</strong></span> <span class='ocrx_word' id='word_1_19' title='bbox 480 1348 582 1431; x_wconf 74' lang='lat' dir='ltr'><strong>spirat</strong></span> <span class='ocrx_word' id='word_1_20' title='bbox 595 1347 676 1414; x_wconf 88' lang='lat' dir='ltr'><strong>mihi</strong></span> <span class='ocrx_word' id='word_1_21' title='bbox 690 1349 784 1432; x_wconf 87' lang='lat' dir='ltr'><strong>quale</strong></span> <span class='ocrx_word' id='word_1_22' title='bbox 798 1355 836 1414; x_wconf 79' lang='lat' dir='ltr'><strong>tu</strong></span> 
     </span>
     <span class='ocr_line' id='line_1_7' title="bbox 380 1457 837 1534; baseline 0.007 -14"><span class='ocrx_word' id='word_1_23' title='bbox 380 1458 497 1534; x_wconf 81' lang='lat' dir='ltr'><strong>Poscis,</strong></span> <span class='ocrx_word' id='word_1_24' title='bbox 511 1457 584 1522; x_wconf 89' lang='lat' dir='ltr'><strong>luce</strong></span> <span class='ocrx_word' id='word_1_25' title='bbox 597 1457 697 1522; x_wconf 87' lang='lat' dir='ltr'><strong>melos</strong></span> <span class='ocrx_word' id='word_1_26' title='bbox 712 1465 837 1523; x_wconf 82' lang='lat' dir='ltr'><strong>scatens</strong></span> 
     </span>
     <span class='ocr_line' id='line_1_8' title="bbox 383 1561 844 1653; baseline 0.002 -19"><span class='ocrx_word' id='word_1_27' title='bbox 383 1569 488 1634; x_wconf 76' lang='lat' dir='ltr'><strong>rma:</strong></span> <span class='ocrx_word' id='word_1_28' title='bbox 510 1570 567 1634; x_wconf 86' lang='lat' dir='ltr'><strong>aed</strong></span> <span class='ocrx_word' id='word_1_29' title='bbox 580 1561 728 1653; x_wconf 77' lang='lat' dir='ltr'><strong>properos</strong></span> <span class='ocrx_word' id='word_1_30' title='bbox 742 1571 844 1636; x_wconf 84' lang='lat' dir='ltr'><strong>Amor</strong></span> 
     </span>
    </p>

    <p class='ocr_par' dir='ltr' id='par_1_4' title="bbox 424 1681 825 1766">
     <span class='ocr_line' id='line_1_9' title="bbox 424 1681 825 1766; baseline 0.01 -22"><span class='ocrx_word' id='word_1_31' title='bbox 424 1682 542 1746; x_wconf 83' lang='lat' dir='ltr'><strong>Lucem</strong></span> <span class='ocrx_word' id='word_1_32' title='bbox 555 1681 653 1745; x_wconf 71' lang='lat' dir='ltr'><strong>vortit</strong></span> <span class='ocrx_word' id='word_1_33' title='bbox 666 1682 702 1744; x_wconf 89' lang='lat' dir='ltr'><strong>in</strong></span> <span class='ocrx_word' id='word_1_34' title='bbox 716 1682 825 1766; x_wconf 75' lang='lat' dir='ltr'><strong>igneio.</strong></span> 
     </span>
    </p>
   </div>
   <div class='ocr_carea' id='block_1_3' title="bbox 330 1905 880 2768">
    <p class='ocr_par' dir='ltr' id='par_1_5' title="bbox 330 1905 837 2212">
     <span class='ocr_line' id='line_1_10' title="bbox 330 1905 837 2002; baseline 0.004 -32"><span class='ocrx_word' id='word_1_35' title='bbox 330 1956 336 1970; x_wconf 93' lang='lat'><strong><em>.</em></strong></span> <span class='ocrx_word' id='word_1_36' title='bbox 381 1906 428 1968; x_wconf 82' lang='lat' dir='ltr'><strong>Ae</strong></span> <span class='ocrx_word' id='word_1_37' title='bbox 440 1905 559 1970; x_wconf 88' lang='lat' dir='ltr'><strong>librum</strong></span> <span class='ocrx_word' id='word_1_38' title='bbox 572 1911 699 1970; x_wconf 75' lang='lat' dir='ltr'><strong>teneam</strong></span> <span class='ocrx_word' id='word_1_39' title='bbox 720 1912 837 2002; x_wconf 66' lang='lat' dir='ltr'><strong>tamen¹</strong></span> 
     </span>
     <span class='ocr_line' id='line_1_11' title="bbox 382 2016 826 2105; baseline 0.005 -25"><span class='ocrx_word' id='word_1_40' title='bbox 382 2016 453 2095; x_wconf 72' lang='lat' dir='ltr'><strong>Qua</strong></span> <span class='ocrx_word' id='word_1_41' title='bbox 467 2038 520 2082; x_wconf 89' lang='lat' dir='ltr'><strong>cor</strong></span> <span class='ocrx_word' id='word_1_42' title='bbox 534 2037 627 2101; x_wconf 81' lang='lat' dir='ltr'>saepe</span> <span class='ocrx_word' id='word_1_43' title='bbox 641 2017 691 2105; x_wconf 79' lang='lat' dir='ltr'><strong>tui</strong></span> <span class='ocrx_word' id='word_1_44' title='bbox 704 2038 826 2082; x_wconf 90' lang='lat' dir='ltr'><strong>memor</strong></span> 
     </span>
     <span class='ocr_line' id='line_1_12' title="bbox 382 2127 784 2212; baseline 0 -18"><span class='ocrx_word' id='word_1_45' title='bbox 382 2130 478 2194; x_wconf 73' lang='lat' dir='ltr'><strong>Carae</strong></span> <span class='ocrx_word' id='word_1_46' title='bbox 493 2129 608 2193; x_wconf 76' lang='lat' dir='ltr'><strong>conflet</strong></span> <span class='ocrx_word' id='word_1_47' title='bbox 621 2127 784 2212; x_wconf 82' lang='lat' dir='ltr'><strong>imagines,</strong></span> 
     </span>
    </p>

    <p class='ocr_par' dir='ltr' id='par_1_6' title="bbox 380 2239 880 2540">
     <span class='ocr_line' id='line_1_13' title="bbox 424 2239 837 2304; baseline 0 0"><span class='ocrx_word' id='word_1_48' title='bbox 424 2240 576 2304; x_wconf 81' lang='lat' dir='ltr'>Chartam</span> <span class='ocrx_word' id='word_1_49' title='bbox 590 2239 837 2304; x_wconf 78' lang='lat' dir='ltr'><strong>commeditanti.</strong></span> 
     </span>
     <span class='ocr_line' id='line_1_14' title="bbox 380 2351 880 2435; baseline -0.002 -20"><span class='ocrx_word' id='word_1_50' title='bbox 380 2353 512 2435; x_wconf 85' lang='lat' dir='ltr'><strong>Nempe,</strong></span> <span class='ocrx_word' id='word_1_51' title='bbox 527 2357 566 2415; x_wconf 80' lang='lat' dir='ltr'><strong>ut</strong></span> <span class='ocrx_word' id='word_1_52' title='bbox 579 2357 623 2428; x_wconf 81' lang='lat' dir='ltr'><strong>tu,</strong></span> <span class='ocrx_word' id='word_1_53' title='bbox 638 2351 763 2434; x_wconf 83' lang='lat' dir='ltr'><strong>placide</strong></span> <span class='ocrx_word' id='word_1_54' title='bbox 777 2351 880 2430; x_wconf 73' lang='lat' dir='ltr'><strong>nitet3</strong></span> 
     </span>
     <span class='ocr_line' id='line_1_15' title="bbox 383 2462 821 2540; baseline 0.002 -14"><span class='ocrx_word' id='word_1_55' title='bbox 383 2464 430 2526; x_wconf 74' lang='lat' dir='ltr'><strong>Ua</strong></span> <span class='ocrx_word' id='word_1_56' title='bbox 443 2469 489 2539; x_wconf 82' lang='lat' dir='ltr'><strong>tu,</strong></span> <span class='ocrx_word' id='word_1_57' title='bbox 504 2466 592 2526; x_wconf 81' lang='lat' dir='ltr'><strong>casta</strong></span> <span class='ocrx_word' id='word_1_58' title='bbox 605 2462 703 2526; x_wconf 80' lang='lat' dir='ltr'><strong>micat</strong></span> <span class='ocrx_word' id='word_1_59' title='bbox 717 2462 821 2540; x_wconf 86' lang='lat' dir='ltr'><strong>nimis,</strong></span> 
     </span>
    </p>

    <p class='ocr_par' dir='ltr' id='par_1_7' title="bbox 380 2573 858 2658">
     <span class='ocr_line' id='line_1_16' title="bbox 380 2573 858 2658; baseline -0.004 -18"><span class='ocrx_word' id='word_1_60' title='bbox 380 2576 414 2640; x_wconf 84' lang='lat' dir='ltr'>N</span> <span class='ocrx_word' id='word_1_61' title='bbox 415 2595 432 2639; x_wconf 88' lang='lat' dir='ltr'><strong>e</strong></span> <span class='ocrx_word' id='word_1_62' title='bbox 447 2573 526 2657; x_wconf 91' lang='lat' dir='ltr'><strong>quid</strong></span> <span class='ocrx_word' id='word_1_63' title='bbox 539 2573 603 2640; x_wconf 91' lang='lat' dir='ltr'><strong>huc</strong></span> <span class='ocrx_word' id='word_1_64' title='bbox 618 2575 703 2638; x_wconf 87' lang='lat' dir='ltr'><strong>ferus</strong></span> <span class='ocrx_word' id='word_1_65' title='bbox 717 2574 858 2658; x_wconf 82' lang='lat' dir='ltr'><strong>impetus</strong></span> 
     </span>
    </p>

    <p class='ocr_par' dir='ltr' id='par_1_8' title="bbox 424 2668 838 2768">
     <span class='ocr_line' id='line_1_17' title="bbox 424 2668 838 2768; baseline -0.002 -18"><span class='ocrx_word' id='word_1_66' title='bbox 424 2668 585 2768; x_wconf 73' lang='lat' dir='ltr'><strong>Scriptum</strong></span> <span class='ocrx_word' id='word_1_67' title='bbox 599 2685 728 2768; x_wconf 80' lang='lat' dir='ltr'><strong>pravius</strong></span> <span class='ocrx_word' id='word_1_68' title='bbox 743 2691 838 2768; x_wconf 76' lang='lat' dir='ltr'><strong>optet.</strong></span> 
     </span>
    </p>
   </div>
   <div class='ocr_carea' id='block_1_4' title="bbox 305 2908 872 3308">
    <p class='ocr_par' dir='ltr' id='par_1_9' title="bbox 305 2908 872 3308">
     <span class='ocr_line' id='line_1_18' title="bbox 305 2908 774 2992; baseline 0 -20"><span class='ocrx_word' id='word_1_69' title='bbox 305 2911 338 2973; x_wconf 75' lang='grc'><strong>3.</strong></span> <span class='ocrx_word' id='word_1_70' title='bbox 384 2908 453 2986; x_wconf 77' lang='lat' dir='ltr'><strong>Sed,</strong></span> <span class='ocrx_word' id='word_1_71' title='bbox 468 2908 534 2972; x_wconf 84' lang='lat' dir='ltr'><strong>tuis</strong></span> <span class='ocrx_word' id='word_1_72' title='bbox 549 2909 649 2972; x_wconf 86' lang='lat' dir='ltr'><strong>oeulis</strong></span> <span class='ocrx_word' id='word_1_73' title='bbox 662 2909 774 2992; x_wconf 88' lang='lat' dir='ltr'><strong>procul</strong></span> 
     </span>
     <span class='ocr_line' id='line_1_19' title="bbox 382 3019 791 3104; baseline -0.005 -19"><span class='ocrx_word' id='word_1_74' title='bbox 382 3020 417 3085; x_wconf 89' lang='lat' dir='ltr'><strong>Si</strong></span> <span class='ocrx_word' id='word_1_75' title='bbox 430 3020 470 3084; x_wconf 90' lang='lat' dir='ltr'><strong>de</strong></span> <span class='ocrx_word' id='word_1_76' title='bbox 484 3025 518 3085; x_wconf 80' lang='lat' dir='ltr'><strong>te</strong></span> <span class='ocrx_word' id='word_1_77' title='bbox 531 3019 697 3104; x_wconf 67' lang='lat' dir='ltr'><strong>patriique</strong></span> <span class='ocrx_word' id='word_1_78' title='bbox 712 3021 791 3104; x_wconf 91' lang='lat' dir='ltr'><strong>quid</strong></span> 
     </span>
     <span class='ocr_line' id='line_1_20' title="bbox 380 3131 820 3216; baseline 0.007 -22"><span class='ocrx_word' id='word_1_79' title='bbox 380 3131 518 3200; x_wconf 80' lang='lat' dir='ltr'><strong>Firmius</strong></span> <span class='ocrx_word' id='word_1_80' title='bbox 532 3131 667 3196; x_wconf 82' lang='lat' dir='ltr'><strong>mediter</strong></span> <span class='ocrx_word' id='word_1_81' title='bbox 680 3152 799 3216; x_wconf 83' lang='lat' dir='ltr'><strong>vagans</strong></span> <span class='ocrx_word' id='word_1_82' title='bbox 811 3155 820 3210; x_wconf 93' lang='lat'>;</span> 
     </span>
     <span class='ocr_line' id='line_1_21' title="bbox 425 3242 872 3308; baseline -0.004 -2"><span class='ocrx_word' id='word_1_83' title='bbox 425 3243 507 3306; x_wconf 89' lang='lat' dir='ltr'><strong>Tum</strong></span> <span class='ocrx_word' id='word_1_84' title='bbox 520 3263 611 3307; x_wconf 85' lang='lat' dir='ltr'><strong>mena</strong></span> <span class='ocrx_word' id='word_1_85' title='bbox 625 3242 773 3306; x_wconf 86' lang='lat' dir='ltr'><strong>nonnihil</strong></span> <span class='ocrx_word' id='word_1_86' title='bbox 788 3243 872 3308; x_wconf 78' lang='lat' dir='ltr'><strong>ausit</strong></span> 
     </span>
    </p>
   </div>
   <div class='ocr_carea' id='block_1_5' title="bbox 285 3345 1006 3767">
    <p class='ocr_par' dir='ltr' id='par_1_10' title="bbox 285 3345 1006 3767">
     <span class='ocr_line' id='line_1_22' title="bbox 285 3345 716 3438; baseline 0 -22"><span class='ocrx_word' id='word_1_87' title='bbox 285 3345 289 3360; x_wconf 90' lang='grc'><strong>’</strong></span> <span class='ocrx_word' id='word_1_88' title='bbox 383 3355 503 3419; x_wconf 82' lang='lat' dir='ltr'><strong>Forsan</strong></span> <span class='ocrx_word' id='word_1_89' title='bbox 517 3353 645 3438; x_wconf 88' lang='lat' dir='ltr'><strong>ingenio</strong></span> <span class='ocrx_word' id='word_1_90' title='bbox 659 3358 716 3416; x_wconf 79' lang='lat' dir='ltr'><strong>tuo</strong></span> 
     </span>
     <span class='ocr_line' id='line_1_23' title="bbox 382 3465 1006 3550; baseline 0 -22"><span class='ocrx_word' id='word_1_91' title='bbox 382 3465 527 3550; x_wconf 87' lang='lat' dir='ltr'><strong>Dignum</strong></span> <span class='ocrx_word' id='word_1_92' title='bbox 540 3467 675 3550; x_wconf 82' lang='lat' dir='ltr'><strong>fingere3</strong></span> <span class='ocrx_word' id='word_1_93' title='bbox 698 3466 783 3548; x_wconf 92' lang='lat' dir='ltr'><strong>quod</strong></span> <span class='ocrx_word' id='word_1_94' title='bbox 798 3472 894 3548; x_wconf 81' lang='lat' dir='ltr'><strong>queat</strong></span> <span class='ocrx_word' id='word_1_95' title='bbox 1002 3496 1006 3504; x_wconf 94' lang='lat'>·</span> 
     </span>
     <span class='ocr_line' id='line_1_24' title="bbox 384 3576 771 3655; baseline -0.003 -14"><span class='ocrx_word' id='word_1_96' title='bbox 384 3577 556 3655; x_wconf 82' lang='lat' dir='ltr'><strong>Oollucere,</strong></span> <span class='ocrx_word' id='word_1_97' title='bbox 569 3597 630 3642; x_wconf 89' lang='lat' dir='ltr'><strong>nec</strong></span> <span class='ocrx_word' id='word_1_98' title='bbox 645 3576 771 3654; x_wconf 51' lang='lat' dir='ltr'><strong>ardeam</strong></span> 
     </span>
     <span class='ocr_line' id='line_1_25' title="bbox 427 3691 844 3767; baseline -0.005 -13"><span class='ocrx_word' id='word_1_99' title='bbox 427 3691 555 3767; x_wconf 90' lang='lat' dir='ltr'><strong>Purum,</strong></span> <span class='ocrx_word' id='word_1_100' title='bbox 571 3707 676 3766; x_wconf 81' lang='lat' dir='ltr'><strong>suave,</strong></span> <span class='ocrx_word' id='word_1_101' title='bbox 691 3707 844 3753; x_wconf 85' lang='lat' dir='ltr'><strong>screnum.</strong></span> 
     </span>
    </p>
   </div>
   <div class='ocr_carea' id='block_1_6' title="bbox 0 0 1457 4402">
    <p class='ocr_par' dir='ltr' id='par_1_11' title="bbox 0 0 1457 4402">
     <span class='ocr_line' id='line_1_26' title="bbox 0 0 1457 4402; baseline 0 0"><span class='ocrx_word' id='word_1_102' title='bbox 0 0 1457 4402; x_wconf 95' lang='lat' dir='ltr'><strong> </strong></span> 
     </span>
    </p>
   </div>
  </div>
 </body>
</html>
